4146 5578
435 548 464 603 X
986 543 1238 604 PRAEFATIO.

436 729 644 868 quisita
669 726 860 867 ”,§37
894 728 1010 834 “de
1049 726 1309 864 inequis'',
1336 723 1453 863 §57
1486 739 1567 832 “a
1610 767 1699 863 spe
1725 725 1789 831 de

436 871 580 1010 spe',
559 873 699 976 '.etc
1261 915 1264 920 ·

510 1012 886 1118 Plurimumt
840 1010 989 1116 etiam
1030 1011 1174 1134 valet,
1203 1010 1388 1115 adt
1302 1034 1388 1115 ant
1392 1010 1548 1147 iquita
1551 1034 1651 1116 tem
1685 1052 1789 1114 ver-

388 1263 390 1269 ,
436 1155 591 1260 sionis
614 1153 1076 1275 demonstrandam,
1106 1152 1330 1257 locorum
1359 1193 1527 1258 sacrae
1566 1152 1736 1288 Script
1741 1195 1789 1256 u-

437 1338 530 1420 rae,
559 1296 645 1433 qui
697 1295 746 1400 in
798 1337 855 1399 ea
900 1241 1178 1417 laudantur,
1209 1316 1396 1400 attenta
1441 1293 1785 1400 consideratio,

442 1439 587 1543 Licet
614 1437 748 1542 enim
790 1478 852 1541 ex
897 1435 974 1540 bis
1014 1435 1155 1541 multi
1202 1435 1301 1541 siut
1343 1435 1605 1559 notissimi,
1634 1435 1790 1539 immo

437 1578 665 1684 nonnulli
717 1578 766 1682 in
818 1619 912 1682 usu
963 1577 1217 1682 cotidiano
1267 1577 1614 1700 adhibeantur,
1642 1620 1685 1683 v.
1716 1619 1786 1715 gr.

436 1717 463 1859 ξ
499 1734 555 1826 18
584 1719 809 1857 psalmus
836 1716 934 1855 ab
969 1732 1025 1824 16
1060 1719 1223 1824 Isaiae
1258 1761 1362 1857 cap.
1400 1718 1482 1843 liii,
1529 1741 1697 1824 tamen
1726 1719 1793 1824 ita

436 1862 501 1967 ab
523 1862 791 1998 interprete
811 1861 1143 1999 proferuntur,
1166 1883 1220 1965 ut
1241 1861 1282 1966 is
1302 1860 1557 1999 vulgatam
1582 1861 1635 1966 S.
1663 1859 1790 1964 Hie-

436 2003 631 2141 ronymi
683 2001 957 2107 editionem
996 2002 1073 2108 vel
1124 2045 1186 2107 ex
1238 2024 1343 2108 toto
1389 2003 1661 2141 ignorasse,
1712 2001 1791 2107 vel

437 2186 641 2282 prorsus
693 2143 975 2283 neglexisse
1011 2143 1270 2250 uideatur:
1297 2145 1435 2281 quod
1482 2143 1688 2281 quidem
1741 2144 1791 2248 in

439 2287 699 2391 bominem
746 2285 955 2391 latinum
995 2285 1178 2392 saeculi
1219 2286 1474 2392 undecimi
1502 2285 1680 2391 cadere
1706 2327 1791 2422 po-

439 2429 593 2533 tuisse
620 2469 770 2533 nemo
797 2427 939 2532 facile
965 2427 1181 2565 recipiet.

513 2569 845 2674 2⁰Translat
814 2592 896 2727 tiu,
925 2568 988 2674 de
1032 2610 1133 2706 qua
1175 2568 1277 2708 agit
1281 2611 1352 2691 ur,
1395 2569 1574 2674 eodem
1617 2568 1790 2673 humili

440 2711 699 2870 planeque
728 2711 979 2815 rusticano
1006 2752 1239 2816 sermone
1266 2711 1518 2848 conscript
1521 2753 1550 2815 a
1576 2733 1649 2816 est
1655 2752 1792 2848 ,quo

439 2879 818 2990 antiquissimae
875 2851 1156 2957 Bibliorum
1216 2894 1471 2958 sacrorum
1521 2853 1792 2974 versiones,

439 3036 567 3153 quae
611 3018 696 3099 ant
700 3037 726 3100 e
680 2994 809 3100 tS
847 2993 1226 3132 Hieronymum
1267 2995 1403 3131 apud
1430 2995 1688 3101 Occiderit
1690 2994 1793 3099 ales

440 3178 490 3240 rn
529 3177 622 3241 usu
668 3159 819 3241 erant
789 3136 998 3240 tNon
1033 3178 1168 3241 enim
1213 3137 1541 3274 popularibus
1598 3159 1793 3242 anum

429 3272 618 3436 uerbis,
641 3277 819 3383 sedt
757 3300 805 3382 et
809 3318 906 3382 ram
935 3277 1272 3402 barbarismis,
1300 3278 1610 3384 soloecismis
1631 3278 1796 3382 obsita

440 3442 542 3526 est:
583 3419 788 3557 insuper
832 3419 1025 3577 multot
940 3442 1085 3524 ttres
1127 3421 1176 3524 in
1220 3461 1430 3578 numero
1479 3444 1668 3578 peccat,
1636 3441 1795 3525 taut

441 3603 573 3684 casu,
628 3560 880 3698 praeposit
884 3561 1012 3718 ione,
1074 3561 1352 3720 participio,
1423 3562 1797 3808 coniunctionea

443 3702 660 3860 Singula
691 3701 909 3806 haect
839 3725 909 3806 urt
914 3702 959 3807 ia
1000 3703 1050 3806 in
1087 3726 1173 3807 not
1177 3744 1216 3808 rs
1244 3703 1745 3861 indicibusquea
1626 3725 1765 3808 notat

442 3886 679 3966 invemeS,
717 3843 990 3981 exquibus
1035 3887 1195 3981 pauca
1239 3867 1485 3982 permixte
1511 3745 1797 3984 argumenti

442 3986 554 4091 loco
580 3984 859 4123 proferam

512 4125 539 4265 b
575 4170 589 4232 1
620 4138 646 4175 “
674 4126 724 4232 in
752 4149 1013 4234 tantum...
1045 4128 1145 4232 ut’'
1173 4169 1288 4301 cum
1317 4127 1603 4253 indicativo,
1628 4141 1653 4176 ‘⁶
1683 4129 1794 4232 bos-

441 4269 646 4430 pitalem
673 4271 842 4375 1111111
864 4287 964 4426 (tta)
990 4271 1274 4429 uestrum'·
1252 4265 1426 4407 ',§2‘
1435 4269 1568 4374 ‘tala
1609 4311 1711 4428 pax
1749 4293 1796 4374 et

442 4412 798 4547 rirprirgar'r”,‘
806 4409 1130 4516 ‘sincereset
1174 4411 1353 4549 integri
1381 4407 1578 4547 ’Μ
1606 4453 1656 4516 in
1696 4410 1796 4516 lide

442 4552 573 4656 illius
616 4500 1049 4689 culrgl'nabatarffi
1095 4549 1122 4690 b
1171 4591 1194 4686 7
1245 4554 1502 4658 “eundem
1542 4577 1644 4659 cert
1647 4594 1794 4658 amen

443 4693 645 4799 nobis
635 4694 918 4799 imminet'·
895 4641 1121 4831 ',§1b“
1151 4737 1256 4832 per
1241 4695 1399 4801 eat
1377 4691 1548 4831 ',§16
1594 4694 1796 4800 “facies

441 4835 548 4942 eius
598 4835 692 4941 last
696 4835 852 4941 idiota
903 4859 977 4940 est
1105 4849 1298 4976 “prop
1302 4859 1375 4942 ter
1302 4835 1795 4942 tmaletractatro-
