4146 5578
424 483 478 567 42
842 475 1089 540 CLEMENTIS
1111 473 1345 535 EPISTVLAE
1378 503 1381 505 ·
1702 464 1778 549 [xcv

425 696 676 784 testimonio
697 695 866 780 reddito
891 695 1041 778 multis
1072 691 1340 803 temporibus
1370 690 1425 773 ab
1455 688 1673 792 omnibus
1698 691 1777 774 hos

424 837 694 922 aestimamus
712 863 798 920 non
816 834 970 918 debere
985 832 1063 916 eici
1077 831 1132 914 ab
1145 830 1533 914 administratione.
1551 831 1776 912 Peccatum

423 977 539 1060 enim
563 1003 649 1059 non
673 973 906 1057 minimum*
919 971 1045 1054 nobis
1066 971 1157 1070 erit,
1182 970 1218 1052 si
1240 997 1326 1070 eos
1345 969 1419 1079 qui
1438 963 1532 1053 sine
1545 968 1718 1080 querela
1738 979 1780 1050 et

425 1114 537 1198 iuste
558 1113 809 1198 obtulerunt
826 1138 1004 1194 munera
1024 1109 1310 1220 episcopatus,
1340 1107 1629 1218 reprobemus,
1657 1106 1778 1188 Beati

425 1253 499 1364 qui
520 1255 522 1260 ’
541 1262 853 1364 praecesserunt
888 1249 1092 1349 seniores
1125 1248 1198 1358 qui
1241 1244 1437 1332 fructum
1456 1260 1498 1330 et
1528 1239 1779 1358 perpetuam
1815 1275 1828 1326 s

426 1392 669 1474 habuerunt
689 1389 969 1474 solutionem:
993 1387 1218 1469 nonenim
1247 1399 1461 1487 uerentur,
1487 1382 1659 1496 nequis
1682 1377 1786 1470 illos

425 1529 621 1640 deponat·
634 1530 687 1612 de
710 1529 803 1612 loco
826 1527 910 1609 illo.
937 1525 1181 1610 Uideamus
1203 1525 1331 1627 enim,
1348 1527 1450 1637 quia
1463 1525 1675 1637 quosdam
1698 1551 1779 1609 uos

426 1667 688 1780 reprobastis
705 1668 812 1750 bene
829 1677 1055 1776 operantes
1073 1692 1125 1748 ex
1142 1664 1217 1746 illo
1234 1664 1327 1748 sine
1341 1665 1514 1776 querela
1531 1665 1617 1748 illis
1632 1655 1780 1749 iuncto

427 1807 688 1890 ministerio.
826 1901 827 1904 a
1237 1804 1241 1810 ’
1366 1803 1368 1806 ’

441 2019 446 2028 .
484 1945 621 2028 XLV.
650 1943 898 2035 Prudentes
916 1945 1068 2045 estote,
1094 1942 1256 2044 fratres,
1284 1953 1325 2024 et
1350 1943 1521 2054 zelotipi
1544 1943 1596 2027 de
1618 1945 1679 2027 eis
1705 1945 1778 2055 qui
1802 1975 1832 2011 10

427 2083 640 2193 pertinent
672 2082 725 2164 ad
755 2065 951 2175 salutem.
989 2082 1256 2165 Incubuistis
1288 2083 1331 2163 in
1365 2111 1506 2166 sacras
1548 2083 1780 2194 scripturas

427 2249 563 2323 ueras
579 2228 687 2332 quas
702 2249 775 2331 per
791 2221 957 2330 Spiritu
970 2233 1118 2304 sancto
1134 2220 1414 2332 cognouistis,
1431 2221 1534 2331 quia
1560 2218 1575 2332 l
1593 2223 1617 2303 s.
1634 2235 1726 2328 113v
1750 2220 1756 2334 l

429 2361 535 2444 niliil
559 2359 727 2469 iniqum
756 2366 895 2468 neque
924 2360 1072 2442 fictum
1106 2359 1150 2441 in
1186 2360 1258 2441 eis,
1307 2359 1408 2441 Non
1441 2360 1671 2444 inuenietis
1693 2362 1782 2445 ius-

427 2512 501 2582 tosw
528 2497 776 2608 reprohatos
808 2527 834 2580 a
855 2498 1015 2580 sanctis
1045 2499 1161 2581 uiris.
1199 2499 1546 2581 Persecutionem
1563 2501 1781 2586 sustinue-

426 2649 527 2719 runt
562 2636 677 2736 iusti,
716 2636 800 2718 sed·
828 2635 882 2718 ab
916 2636 1108 2746 iniquis;
1153 2635 1330 2746 lapidati
1372 2652 1475 2721 sunt
1499 2639 1554 2722 ab
1575 2641 1778 2745 scelestis
1803 2667 1832 2721 τε

427 2774 609 2886 iugulati
632 2781 747 2856 ‘su-nt
774 2773 829 2856 ab
856 2775 1023 2884 eisqui
1066 2773 1301 2857 nefandum
1332 2776 1471 2859 zelum
1504 2790 1546 2860 et
1582 2768 1781 2888 iniquum

427 2927 685 3026 receperunt.
713 2917 822 2998 Haec
843 2916 968 3026 'passi
992 2916 1157 2998 fortiter
1173 2915 1377 2998 tulerunt.
1402 2915 1519 3022 Quid
1542 2916 1656 2998 enim
1679 2917 1783 3000 dici-

428 3082 537 3156 mus
561 3053 805 3137 carissimi?
829 3054 1015 3137 Danihel
1042 3083 1067 3136 a
1088 3053 1344 3137 timentibus
1367 3054 1511 3136 Deum
1535 3054 1697 3137 missus
1718 3068 1783 3138 est

426 3339 429 3345 ·
469 3336 494 3388 4
523 3333 644 3374 nrmrera
669 3309 852 3392 episcopatus]
869 3311 963 3371 Aliter
987 3322 1077 3387 atque
1130 3321 1163 3370 ut
1175 3322 1246 3387 puta
1260 3313 1341 3388 apud
1355 3311 1718 3386 Tertullianum,Praescr.
1735 3334 1783 3390 29:

429 3396 643 3457 recentioribus
653 3394 826 3472 placuitne<
845 3395 991 3462 ἐπισκοπῆς
1008 3412 1077 3450 curn
1131 3397 1149 3424 “
1159 3403 1202 3451 tot
1214 3392 1377 3455 ministeria
1392 3413 1546 3470 perperam
1562 3395 1664 3455 functa
1676 3396 1699 3455 ''.

430 3486 503 3554 δῶρα
533 3488 632 3537 noster
660 3477 815 3552 coniungit
849 3475 999 3552 interpres·
1032 3475 1078 3532 Ita
1174 3494 1219 3533 10.
1236 3473 1410 3556 Prudenter]
1422 3477 1472 3536 Gr.
1487 3475 1699 3552 φνλόνεικοιί.ε.
1713 3496 1782 3538 con-

429 3574 556 3636 quoque·
573 3559 654 3629 lmnc
677 3559 777 3616 locum
804 3553 947 3616 Patricius
973 3555 1078 3614 Iunius
1133 3555 1261 3614 tentiosi.

430 3641 587 3700 reddebat:
605 3647 621 3671 ¹⁶
633 3637 684 3716 qni
694 3649 796 3697 sancte
806 3649 835 3697 et
847 3635 910 3696 sine
922 3637 1079 3712 reprehen-
1169 3634 1263 3717 estote]
1280 3638 1411 3697 Verbum
1433 3658 1573 3715 graecum
1596 3639 1654 3700 ἔστε
1684 3639 1783 3719 Light·

429 3721 514 3782 sione
528 3720 717 3796 episcopatus
734 3737 856 3777 munera
870 3719 998 3777 ossetunt
1013 3719 1036 3776 ''.
1131 3719 1194 3777 soot
1219 3719 1394 3796 imperativo
1410 3722 1503 3779 modo
1519 3724 1696 3782 vertendum
1717 3737 1782 3783 esse

377 3792 383 3804 ’
473 3803 497 3878 5'.
517 3798 662 3881 fructum]
688 3799 885 3860 Scribendutn
917 3799 970 3858 suit
994 3799 1079 3858 “fru-
1132 3799 1190 3859 iam
1210 3813 1377 3874 censuerat,
1400 3801 1532 3878 plerique
1547 3815 1650 3863 contra
1672 3803 1783 3864 indica·

429 3895 565 3956 ‘citrosam
582 3884 596 3911 '¹
614 3895 644 3940 tlt
666 3882 740 3940 inira
755 3883 768 3956 ξ
780 3885 825 3958 56.
840 3883 890 3940 Gr.
903 3881 1045 3957 ἔγκαρπον.
1131 3880 1200 3940 ῑίνο.

441 4005 444 4008 -
461 3983 499 4039 ·7.
517 3961 581 4044 illo]
597 3965 646 4024 Gr.
666 3967 683 3995 ‘²
699 3963 755 4022 illis
764 3961 927 4022 constituto
942 3963 957 3990 '²
1171 3961 1238 4044 qui]
1262 3993 1286 4012 =
1308 3983 1394 4040 quae.

480 4043 646 4125 [dilectores]
663 4046 726 4121 lege
734 4045 894 4103 “uidemus
903 4045 926 4102 ”.
1177 4043 1418 4125 11.sacras]orn.
1437 4047 1503 4105 cod.
1521 4049 1604 4108 Alex.

474 4131 500 4186 8.
517 4123 580 4206 illo]
605 4125 720 4186 articuli
742 4125 816 4198 vice,
843 4125 885 4184 uti
905 4144 994 4202 saepe
1019 4123 1078 4184 iam
1175 4145 1219 4184 12.
1237 4125 1470 4206 Spiritusancto]
1481 4128 1625 4204 posterior
1634 4149 1739 4189 manus
1752 4128 1781 4188 in

433 4208 501 4280 dixi.
638 4228 640 4232 ’
1133 4212 1150 4240 “
1166 4207 1300 4284 spiritum
1316 4221 1452 4268 sanctum
1468 4209 1626 4271 ”mutavit

438 4357 441 4364 ,
463 4285 580 4370 functo]
593 4287 699 4367 scripsi
718 4287 797 4368 (cod.
817 4293 834 4322 “
846 4289 925 4348 sacto
937 4288 974 4367 ’')‚
991 4289 1080 4348 auda-
1175 4309 1219 4365 13.
1237 4287 1361 4369 r'nr'qum]
1376 4291 1422 4350 Ita
1437 4292 1541 4364 codex,
1563 4303 1595 4352 ut
1610 4313 1636 4368 p.
1655 4295 1681 4367 ό,
1698 4294 1717 4352 l.
1736 4297 1780 4353 18.

334 4410 335 4415 κ
431 4387 493 4432 cter
508 4371 639 4448 quidem,
654 4391 714 4430 non
729 4382 829 4431 tamen
845 4369 909 4430 sine
928 4389 1024 4429 causa.
1043 4371 1079 4428 In
1142 4369 1382 4451 -nequeficluml
1398 4375 1446 4432 Gr.
1465 4371 1586 4433 inserit:
1611 4375 1781 4452 “scriptum

432 4457 481 4514 Gr.
497 4453 577 4513 enim
593 4451 698 4530 legitur
722 4453 918 4524 τετιμημένης
929 4462 1007 4523 τιμᾶν
1031 4471 1080 4510 au·
1131 4464 1175 4512 est
1191 4455 1214 4512 ''.

431 4549 491 4610 tem
508 4536 646 4594 hocloco
661 4534 740 4594 idem
756 4535 833 4593 valet
848 4553 883 4592 ac
896 4533 1080 4610 “diligenter
1176 4555 1186 4592 r
1194 4552 1220 4611 5.
1237 4535 1273 4594 ab
1288 4531 1410 4616 tirians]
1427 4538 1626 4597 Praetermisit
1637 4535 1781 4614 interpres

334 4623 337 4630 “
414 4617 552 4690 1<;)ῑ;)ῑτθ”.
580 4617 625 4678 Cs.
654 4617 749 4688 Funk,
777 4617 846 4675 adn.
867 4614 929 4676 crit.
955 4634 982 4690 p.
1013 4632 1077 4689 117.
1132 4618 1177 4674 vel
1190 4617 1323 4676 librarius
1339 4619 1412 4678 illud
1428 4618 1553 4695 quodin
1566 4621 1616 4679 Gr.
1634 4619 1780 4695 sequitur:

433 4701 525 4763 Porro
538 4692 662 4760 ¹uerbum
675 4698 826 4768 συνώνυμον
844 4701 860 4728 “
876 4696 957 4774 iungi
973 4699 987 4724 ”
1009 4697 1080 4756 alias
1117 4701 1151 4754 ·‘.‘
1163 4697 1192 4756 in
1208 4717 1356 4760 carcerem
1372 4712 1441 4760 sunt
1455 4699 1591 4774 coniecti,
1608 4701 1662 4761 sed
1677 4701 1717 4762 ab
1730 4699 1782 4759 irn-

426 4799 555 4860 ·qu0que
580 4790 737 4856 usurpatur
759 4778 926 4855 significatu
953 4779 1077 4856 passivo,
1132 4778 1187 4857 piis
1202 4782 1224 4840 ''.
