4146 5578
413 478 468 580 36
842 492 1090 552 cnunsurrs
1116 493 1349 550 EPISTVLAE
1628 488 1766 572 [xxxvm

409 723 512 794 sunt
534 709 707 821 prefecti
733 735 809 790 nec
830 709 991 792 tribuni
1032 737 1109 792 nec
1143 709 1417 792 centuriones
1459 740 1534 794 ηερ
1555 713 1769 823 quinqua-

408 847 572 961 genarii
597 874 673 930 nec
695 845 946 930 decuriones
965 875 1041 930 nec
1057 848 1109 930 de
1130 847 1301 956 inequis
1318 849 1462 951 ceteri;
1482 849 1555 932 sed
1572 851 1770 961 ¹quisque

408 1015 489 1069 suo
512 985 663 1068 ordine
686 986 807 1067 iussa
829 987 943 1097 regis
964 999 1005 1070 et
1028 986 1343 1097 prepositorum
1365 988 1601 1096 perficiunt.
1630 989 1769 1072 Maio-

409 1154 475 1208 res
497 1126 593 1208 sine
630 1123 873 1207 minoribus
896 1152 996 1207 non,
1019 1135 1204 1234 possunt
1225 1150 1331 1223 esse,
1357 1152 1432 1206 ηερ
1464 1127 1652 1209 minores
1676 1127 1769 1209 sine

409 1262 665 1346 maioribus:
703 1263 892 1344 mixtura
930 1275 995 1344 est
1029 1263 1072 1342 in
1096 1261 1313 1362 omnibus
1337 1275 1378 1344 et
1399 1263 1517 1347 aliud
1550 1265 1636 1348 alio
1658 1293 1769 1375 opus
1804 1289 1817 1342 s

407 1413 483 1483 est.
512 1401 752 1484 Sumamus
774 1400 1019 1509 exemplum
1060 1428 1086 1481 a
1105 1426 1280 1509 corpore
1317 1413 1476 1483 nostro.
1502 1404 1644 1512 Caput
1676 1404 1769 1486 sine

408 1537 592 1648 pedibus
616 1536 722 1618 nihil
746 1549 905 1646 potest,
924 1565 1000 1620 nec
1023 1538 1153 1647 pedes
1176 1537 1269 1619 sine
1290 1539 1443 1646 capite;
1465 1551 1506 1620 et
1533 1539 1769 1623 minutiora

409 1675 607 1758 membra.
624 1675 816 1785 corporis
839 1677 987 1774 nostri,
1011 1676 1215 1786 quamuis
1238 1677 1476 1759 necessaria
1497 1677 1585 1758 sint
1606 1689 1648 1760 et
1668 1689 1769 1788 apta

408 1829 499 1898 toto
523 1815 703 1925 corpori,
720 1827 864 1898 tamen
886 1815 1135 1926 conspirant
1149 1827 1189 1898 et
1206 1814 1357 1898 eodem
1376 1815 1499 1898 iussu
1516 1795 1765 1919 obaudiunt,

407 1967 454 2037 ut
478 1955 651 2037 saluum
674 1955 730 2036 sit
753 1965 897 2036 totum
920 1979 1086 2062 corpus.
1788 1983 1818 2018 10

470 2092 738 2174 XXXVIII.
766 2092 950 2175 Saluum
981 2119 1083 2202 ergo
1111 2091 1168 2174 sit
1204 2090 1330 2174 nobis
1371 2103 1511 2173 totum
1545 2119 1700 2202 corpus
1722 2095 1764 2178 in

410 2231 571 2341 Xpisto
618 2230 761 2332 Ihesu,
796 2243 837 2313 et
873 2230 1078 2313 obaudiat
1114 2230 1300 2341 quisque
1336 2231 1581 2340 proximum
1622 2260 1763 2336 suum,

409 2370 520 2452 sicut
541 2381 605 2451 est
639 2369 681 2450 in
714 2369 854 2480 gratia
885 2396 972 2452 sua.
1000 2370 1132 2451 Curet
1163 2369 1286 2451 sortis
1322 2369 1556 2470 infirmum,
1580 2384 1621 2454 et
1650 2371 1766 2453 infir-

409 2535 506 2589 mus
529 2506 737 2590 obaudiat
770 2507 887 2608 fortI;
909 2507 1100 2616 locuples
1137 2519 1297 2617 prestet
1330 2509 1518 2618 pauperi,
1542 2521 1583 2592 et
1605 2538 1766 2620 pauper

405 2645 567 2756 gratias
591 2657 691 2756 agat
715 2646 821 2744 Deo,
845 2645 948 2755 quia
964 2645 1083 2728 dedit
1105 2646 1166 2726 illi
1193 2647 1326 2746 DeuS,
1351 2674 1424 2756 per
1454 2675 1583 2757 quem
1617 2649 1814 2758 imple-15

408 2797 502 2867 tum
524 2797 589 2866 est
608 2783 724 2893 quod
749 2783 809 2864 illi
832 2784 986 2867 deerat.
1005 2785 1190 2895 Sapiens
1213 2784 1353 2894 palam
1369 2786 1494 2868 faciat
1509 2786 1765 2895 sapientiam

409 2951 547 3023 suam,
573 2951 659 3005 non
694 2935 864 3005 tantum
898 2921 1054 3023 uerbis,
1094 2921 1168 3036 sed
1205 2933 1247 3004 et
1277 2922 1480 3030 operibus
1514 2924 1651 3007 bonis.
1678 2925 1764 3032 Qui

409 3062 610 3143 humiliat
633 3090 690 3162 se,
716 3089 800 3145 non
821 3063 912 3171 ipse
929 3089 974 3143 se
989 3059 1232 3161 laudet,sed
1256 3060 1450 3169 paciatur
1467 3048 1513 3143 ut
1538 3062 1645 3144 alter
1665 3090 1764 3145 eum

408 3200 564 3284 laudet.
593 3200 680 3307 Qui
718 3200 958 3312 castitatem
993 3211 1147 3298 seruat,
1190 3227 1275 3283 non
1301 3199 1522 3310 glorietur,
1551 3200 1624 3282 sed
1660 3203 1766 3285 sciat

451 3433 474 3472 r.
492 3410 615 3492 trt'bum']
633 3415 683 3473 Gr.
697 3416 843 3490 χιλίαρχοι.
1153 3414 1233 3471 Ante
1250 3415 1267 3442 “
1283 3411 1454 3487 conspirant
1470 3414 1485 3440 ’'
1507 3414 1556 3472 Gr.
1583 3415 1652 3474 add.
1669 3420 1764 3477 πάντα.

450 3515 474 3553 2.
493 3515 541 3552 nec
563 3492 736 3574 decuriones]
754 3497 834 3554 solus
850 3495 917 3554 add.
937 3493 1061 3552 Latinus
1157 3512 1200 3552 12.
1201 3493 1374 3569 proximum
1385 3490 1519 3572 suumlin
1532 3495 1685 3570 “proximo
1695 3501 1766 3557 suo’'

408 3587 515 3635 noster.
528 3576 572 3635 Cr.
591 3588 690 3636 tamen
705 3577 799 3634 Exod.
818 3579 900 3648 18,2r
919 3587 947 3634 et
964 3577 1058 3636 Clem.
1112 3574 1275 3650 posteriore
1296 3594 1385 3632 manu
1410 3586 1566 3634 mutatum.
1581 3577 1712 3638 Priorem
1729 3581 1766 3638 le-

409 3659 502 3716 Hom.
519 3659 556 3729 X,
577 3677 621 3729 14.
1112 3655 1242 3714 ctionem
1276 3654 1461 3714 retinendam
1492 3675 1556 3716 esse
1585 3660 1695 3719 censui.
1718 3663 1764 3721 Cf.

447 3742 480 3796 de
493 3735 615 3818 iniquis]
633 3741 703 3798 Hoc
718 3737 896 3796 vocabulum
913 3757 1059 3813 nusquam
1112 3738 1263 3808 Roensch‚
1281 3757 1306 3811 p.
1324 3756 1392 3808 414.
1683 3773 1685 3777 -

407 3819 475 3878 alibi
501 3819 734 3894 deprehendisse
763 3837 811 3877 me
847 3819 949 3891 fateor,
977 3821 1059 3895 quod
1155 3837 1199 3893 13.
1233 3813 1333 3896 Curet]
1364 3820 1469 3880 Codex
1498 3819 1599 3880 divisis
1626 3823 1765 3899 syllabis:

407 3900 529 3976 quidem
555 3901 593 3960 de
615 3901 765 3977 equitibus
780 3901 924 3976 (ἐφίπποις)
947 3899 1060 3960 intelle·
1113 3903 1130 3930 “
1146 3919 1197 3958 cur
1214 3910 1242 3958 et
1254 3901 1276 3952 '’‚

406 3983 538 4058 gendum
555 3982 683 4042 videtur:
700 3981 755 4040 nisi
770 3982 845 4040 forte
857 3981 964 4040 dixeris
980 4002 1060 4040 men·
1155 3999 1198 4056 15.
1215 3977 1296 4060 agal]
1312 3979 1434 4058 antiqua
1446 4001 1536 4042 manu
1549 4003 1637 4061 super
1647 4007 1762 4046 versum

407 4064 480 4122 dum
502 4082 566 4123 esse
596 4083 648 4139 pro
677 4062 852 4138 “deinceps
869 4061 976 4122 ”iuxta
1006 4065 1056 4124 Gr.
1111 4063 1248 4120 additum
1264 4073 1316 4121 est.

406 4148 437 4201 τὸ
450 4151 569 4215 καθεξῆς.
664 4137 670 4147 '
1155 4165 1197 4217 17.
1216 4164 1272 4202 non
1294 4151 1409 4202 tantum
1432 4143 1535 4224 uerbis]
1560 4147 1606 4204 Ita
1622 4149 1763 4209 Clemens

452 4240 477 4300 5.
495 4233 523 4282 et
545 4225 632 4282 aliud
647 4227 706 4283 ulio
721 4223 732 4301 (
742 4253 766 4270 =
788 4222 837 4282 alii
856 4224 891 4280 cs.
907 4225 1056 4284 Roensch.
1109 4225 1237 4284 Alexin
1254 4227 1389 4284 Strornat.
1406 4227 1498 4300 IV,r7
1524 4233 1560 4298 μὴ
1571 4231 1660 4304 λόγοις
1673 4233 1761 4303 pinon

407 4324 433 4379 p,
453 4323 488 4380 27
493 4305 523 4382 5)
543 4315 613 4380 opus
637 4303 688 4386 est]
702 4307 751 4364 Gr.
770 4307 859 4380 paulo
870 4304 954 4364 aliter
969 4326 985 4364 a
1002 4307 1059 4381 ple·
1109 4307 1198 4365 codd.
1216 4326 1285 4366 vero
1308 4309 1390 4366 Alex.
1408 4319 1436 4366 et
1463 4309 1566 4368 Const.
1585 4314 1621 4380 μὴ
1635 4311 1660 4366 ἐν
1673 4313 1762 4386 λόγοις

407 4386 505 4463 risque
525 4388 670 4447 redditur:
689 4393 706 4419 “
717 4400 746 4446 et
762 4385 791 4445 in
807 4386 852 4445 his
873 4405 943 4445 usus
958 4389 981 4460 ''‚
997 4392 1014 4419 “
1030 4399 1059 4448 et
1111 4388 1181 4466 (om.
1201 4391 1300 4460 μόνον).

407 4467 477 4527 inde
493 4467 603 4528 utilitas
619 4471 641 4528 ’'‚
1154 4489 1197 4544 19.
1218 4469 1283 4543 Qui
1306 4470 1464 4526 cartilatum
1491 4466 1600 4550 seruat]
1616 4471 1665 4530 Gr.
1691 4471 1758 4529 add.

449 4565 474 4622 7.
491 4551 571 4608 nihil
583 4547 689 4630 potest]
706 4552 755 4610 Gr.
775 4553 792 4582 “
805 4549 878 4608 nihil
893 4559 937 4608 est
952 4551 975 4608 ''.
1112 4549 1172 4608 “in
1188 4569 1276 4609 carne
1292 4551 1389 4623 ’'3cod
1415 4551 1498 4608 Alex.
1516 4548 1635 4626 insuper
1660 4549 1761 4610 inserit

446 4637 474 4688 et
493 4629 665 4712 minutiora]
677 4630 876 4708 scripsi5Cod.
896 4635 912 4663 “
928 4630 1059 4692 eminen-
1109 4632 1198 4691 verba
1213 4632 1269 4701 ἤτω
1280 4633 1332 4699 καί,
1349 4649 1426 4708 quae
1439 4629 1592 4708 Lightfoot
1604 4633 1634 4691 in
1647 4642 1760 4692 textum

406 4709 480 4770 tiora
491 4714 516 4785 ”3
532 4713 581 4771 Gr.
598 4719 630 4770 τὰ
642 4718 669 4771 δὲ
681 4715 818 4788 ἐλάχιστα.
1109 4711 1227 4788 recepit.

448 4813 465 4869 9
487 4791 556 4876 toto]
578 4822 602 4841 =
624 4796 686 4853 toti.
701 4792 851 4866 Roensch‚
865 4811 892 4869 p.
909 4794 975 4866 276.
