4146 5578
395 417 449 516 48
818 431 1064 496 ciauuusts
1088 430 1321 489 ansanum
1679 425 1747 508 [nu

395 651 588 735 tionibus
611 651 758 764 uagari
776 663 817 734 et
831 653 1099 736 committere
1121 680 1251 762 quam
1274 652 1748 764 proximos;magisque

396 789 463 871 sui
507 788 724 900 querelam
765 789 965 873 adserunt
1008 789 1178 872 traditae
1219 787 1345 871 nobis
1387 789 1514 872 bonae
1544 801 1586 872 et
1622 789 1749 872 iustae

395 924 645 1008 concordiae.
669 926 841 1007 Bonum
858 926 975 1008 enim
992 926 1158 1012 homini
1170 929 1369 1012 confiteri
1387 941 1559 1039 propter
1580 940 1750 1040 peccata

394 1077 436 1147 et
457 1063 610 1147 delicta
631 1092 762 1176 quam
786 1063 985 1148 indurare
1006 1094 1077 1149 cor
1098 1094 1239 1168 suum,
1271 1067 1382 1150 sicut
1414 1067 1626 1150 induratae
1649 1079 1751 1148 sunt

397 1215 562 1302 mentes
604 1203 776 1286 illorum
817 1205 891 1314 qui
929 1205 1178 1288 restiterunt
1218 1218 1367 1288 contra
1407 1206 1619 1289 famulum
1669 1204 1749 1286 Dei
1786 1225 1800 1279 s

399 1344 596 1452 Moysen,
619 1370 805 1453 quorum
827 1343 1049 1427 damnatio
1083 1344 1312 1428 manifesta
1326 1357 1416 1428 est:
1438 1344 1752 1430 descenderunt

396 1481 511 1564 enim
533 1481 587 1563 ad
611 1466 769 1564 inlesos
792 1481 1001 1584 uiuentes,
1035 1495 1076 1564 et
1108 1509 1224 1565 mors
1254 1483 1447 1594 depascit
1469 1511 1554 1568 eos.
1586 1483 1753 1568 Pharao

397 1646 570 1728 quoque
591 1631 632 1701 et
653 1619 863 1701 exercitus
884 1619 977 1702 eius
998 1632 1040 1701 et
1066 1645 1217 1705 omnes
1237 1622 1368 1706 duces
1399 1623 1583 1734 AEgipti,
1603 1648 1753 1705 currus

397 1756 528 1837 etiam
549 1767 591 1838 et
611 1784 860 1839 ascensores
892 1784 1041 1840 eorum
1079 1786 1165 1842 non
1200 1774 1373 1872 propter
1408 1760 1537 1844 aliam
1578 1787 1752 1844 causam

400 1903 528 1986 mersi
544 1915 646 1986 sunt
664 1903 706 1984 in
725 1903 854 1986 rubro
869 1931 984 1985 mare
998 1915 1039 1986 et
1053 1899 1282 2014 perierunt,
1308 1899 1392 1982 nisi
1415 1899 1532 2010 quod
1555 1898 1756 1983 indurata
1776 1925 1806 1963 10

399 2052 501 2124 sunt
524 2039 772 2150 insipientia
789 2040 962 2123 illorum
980 2032 1119 2140 coida,
1139 2050 1370 2150 postquam
1386 2039 1612 2122 factasunt
1631 2038 1756 2150 signa

399 2192 440 2261 et
463 2178 660 2290 prodigia
682 2179 724 2260 in
746 2178 930 2290 AEgipto
952 2206 1026 2289 per
1047 2176 1258 2260 famulum
1283 2177 1364 2260 Dei
1385 2179 1581 2287 Moysen.

460 2318 558 2399 LII.
595 2317 717 2398 Nihil
751 2330 847 2428 eget
883 2319 1004 2400 Deus
1036 2317 1305 2427 cuiusquam,
1344 2317 1519 2418 iratres;
1562 2315 1669 2398 nihil
1693 2315 1754 2398 illi

401 2457 657 2568 cuiusquam
679 2483 790 2566 opus
821 2469 898 2555 est,
923 2456 1005 2538 nisi
1043 2469 1090 2538 ut
1121 2457 1375 2538 confiteatur
1411 2455 1484 2536 illi.
1511 2453 1629 2562 Quid
1652 2453 1756 2537 dicit

401 2596 516 2679 enim
533 2595 693 2678 electus
718 2593 894 2676 Dauid?
918 2594 1161 2700 Confitebor
1178 2594 1377 2694 Dotm'nO,
1409 2599 1454 2675 et
1475 2569 1807 2702 placabilitas

400 2739 532 2844 snper
550 2733 742 2814 minium
762 2731 979 2822 ttonellum
994 2756 1156 2812 cornua
1171 2731 1466 2840 (temerantem
1482 2736 1525 2813 et
1541 2731 1730 2840 ungulos
1742 2763 1760 2828 ,·

404 2873 586 2955 uideant
596 2876 816 2982 pauperes
835 2875 879 2952 et
898 2870 1111 2952 latentur.
1151 2872 1210 2952 Et
1233 2871 1389 2953 iterum
1411 2869 1515 2952 dicit
1539 2897 1546 2952 :
1570 2869 1757 2952 Iintnolo

401 3015 493 3095 Deo
512 3010 780 3119 sacrificium
800 3007 958 3109 laudis,
981 3013 1024 3089 et
1046 3007 1174 3092 redde
1194 2987 1436 3092 [altissimo
1458 3013 1561 3091 uoto
1591 3013 1698 3104 aaa·
1717 3012 1760 3090 et

403 3153 556 3234 inuocat
577 3177 644 3232 me
670 3149 716 3231 in
737 3150 807 3232 die
828 3149 1138 3248 tribulationis,
1174 3153 1218 3230 et
1247 3149 1434 3257 eripiam
1456 3153 1508 3248 te,
1532 3152 1576 3230 et
1588 3146 1760 3255 glorifi-

401 3292 519 3374 cabis
534 3316 610 3372 me.
634 3288 914 3396 Sacrz'ficium
929 3290 1043 3370 enim
1061 3289 1152 3370 Deo
1167 3286 1355 3396 spz'ritus
1368 3285 1698 3371 contribulatas.
1779 3309 1811 3345 20

463 3429 604 3510 LIII.·
624 3427 756 3512 Scitis
770 3427 886 3510 enim
902 3440 942 3510 et
957 3427 1063 3510 bene
1077 3426 1293 3509 didicistis
1315 3437 1485 3512 sanctas
1509 3424 1756 3534 scripturas

449 3713 470 3750 ι.
496 3691 604 3766 uagari
620 3697 648 3748 et
666 3686 849 3768 comminare]
869 3690 973 3748 Unum
996 3708 1054 3750 ver·
1153 3712 1195 3749 11.
1213 3685 1393 3769 insipientia]
1407 3689 1481 3752 Cod.
1499 3694 1515 3725 ·‘
1527 3687 1762 3767 iniusipientia'’

404 3775 475 3834 bum
486 3771 515 3830 in
531 3791 638 3848 graeco
653 3770 759 3846 legitur
770 3772 944 3845 περιπίπτειν.
1110 3773 1203 3850 prima
1214 3772 1333 3850 syllaba,
1351 3774 1393 3831 uti
1406 3790 1494 3850 saepe
1509 3770 1617 3843 evenit,
1628 3771 1771 3848 repetita.v

444 3849 625 3932 committere]
650 3851 733 3910 Prius
759 3863 820 3911 erat
852 3856 869 3882 “
897 3872 966 3912 cum
994 3851 1057 3912 mit·
1109 3857 1322 3918 Gna’wove'aoue.

404 3949 464 3997 tere
480 3938 502 3994 ’'.
1153 3955 1195 4011 13.
1213 3931 1394 4013 cuiusquam]
1416 3933 1614 3995 Connectitur
1629 3952 1699 4010 ergo
1714 3931 1763 3991 hic

447 4039 471 4076 2.
508 4012 659 4095 adferunt]
702 4044 727 4062 =
771 4019 788 4045 “
820 4015 917 4075 lerunt
946 4018 968 4074 ’'.
1010 4017 1054 4077 Cf.
1109 4027 1162 4075 πῶν
1175 4019 1296 4075 ἁπάντων
1311 4033 1380 4074 cum
1396 4017 1553 4090 ἀπροσδεής,
1580 4017 1627 4074 Ita
1641 4032 1763 4092 quoque

405 4099 556 4170 Roensch,
574 4099 650 4157 Itala
664 4108 693 4158 et
713 4097 800 4174 Vulg.
818 4117 844 4173 p.
863 4101 929 4172 348.
942 4101 1057 4157 Praete·
1108 4100 1188 4176 apud
1199 4096 1445 4173 Lightfoot3apud
1453 4098 1476 4154 F
1478 4096 1616 4156 unkvero
1629 4095 1763 4171 aliosque

405 4181 455 4241 rea
477 4179 636 4240 inserenda
650 4190 694 4238 est
709 4178 883 4238 coniunctio
900 4183 917 4210 “
928 4199 1019 4256 quam
1031 4182 1055 4252 ”,
1108 4201 1177 4240 cum
1190 4183 1204 4236 ὁ
1215 4180 1352 4248 δεσπότης.
1370 4177 1503 4238 Priorem
1525 4178 1648 4238 modum
1667 4175 1764 4256 ‘magis

405 4283 442 4323 ex
471 4260 629 4322 oscitantia
653 4261 729 4320 sorte
758 4259 908 4338 scriptoris
937 4261 1054 4334 omissa,
1109 4261 1182 4322 mihi
1193 4263 1311 4338 placere
1322 4261 1423 4318 fateor.
1594 4309 1597 4316 ,

406 4343 461 4404 nisi
494 4353 669 4420 sequentem
706 4341 876 4419 genetivum
905 4361 1056 4421 compara·
1154 4363 1196 4414 ¹4-
1207 4337 1388 4420 confiteatur]
1403 4343 1565 4417 Deponens
1576 4342 1671 4401 torma
1683 4339 1763 4401 idem

404 4424 495 4486 tionis
510 4444 574 4485 esse
595 4425 711 4496 dixeris,
725 4421 776 4500 qui
790 4443 808 4484 a
822 4426 944 4485 Graecis
967 4423 1056 4486 etiam
1110 4425 1278 4502 significans
1289 4441 1323 4480 ac
1334 4421 1457 4497 passiva.

405 4505 539 4582 usurpari
548 4507 631 4567 solet.
1126 4563 1128 4568 ,
1154 4523 1248 4582 15-17.
1268 4505 1313 4562 Ps.
1331 4507 1378 4576 68,
1393 4523 1490 4580 31-33.

445 4589 523 4647 boma
533 4595 561 4647 et
573 4585 666 4668 iustae]
679 4592 729 4650 Gr.
748 4592 764 4618 “
775 4588 852 4648 bene
864 4603 893 4648 et
903 4586 977 4648 iuste
992 4591 1015 4648 ''.
1155 4607 1250 4662 17·20.
1268 4588 1313 4644 Ps.
1327 4605 1375 4661 49,
1396 4605 1491 4662 14⁴5·

448 4691 473 4746 3.
499 4679 614 4747 peccata
652 4679 680 4730 ct
715 4667 828 4749 delicta]
866 4672 915 4730 Gr.
950 4672 1059 4730 solum·
1153 4690 1199 4728 20.
1217 4672 1263 4727 Ps.
1282 4684 1388 4744 50,19.

407 4755 499 4812 modo
511 4775 518 4812 :
528 4761 581 4810 τῶν
590 4756 827 4828 παραπτωμάτων.
