4146 5578
395 546 446 602 22
822 537 1069 597 CLEMENTIS
1092 536 1325 595 EPISTVLAE
1678 535 1747 618 [xxr

392 758 651 841 autumnina
671 770 713 838 et
735 755 936 838 hiemalia
956 783 1054 838 cum
1076 785 1177 868 pace
1199 755 1412 840 decedunt
1426 759 1536 841 inter
1552 785 1609 840 se.
1629 758 1749 840 Uen-

394 908 538 1006 torum
561 895 751 1006 pondera
772 893 1010 978 seeundum
1037 909 1209 1005 tempus
1233 923 1360 978 suum
1385 896 1746 979 ministrationem

395 1063 519 1118 suam
566 1036 658 1119 sine
700 1035 1010 1145 impedimento
1050 1035 1287 1146 perficiunt.
1333 1035 1580 1118 Perhennes
1620 1034 1748 1118 etiam

396 1176 549 1276 fontes,
572 1176 626 1258 ad
650 1174 919 1258 saturitatem
941 1186 982 1256 et
1003 1175 1232 1256 sanitatem
1255 1173 1395 1273 creati,
1419 1174 1512 1256 sine
1534 1173 1750 1256 intermis-

395 1314 517 1396 sione
534 1325 726 1424 prestant
758 1311 1009 1396 hominibus
1039 1312 1142 1394 uitae
1169 1311 1384 1395 alimenta.
1413 1311 1600 1394 Minima
1620 1310 1749 1394 etiam
1788 1343 1800 1395 s

395 1451 601 1535 animalia
630 1451 987 1563 congregationes
1024 1478 1126 1532 suas
1167 1478 1264 1533 eum
1302 1450 1529 1534 concordia
1568 1462 1609 1533 et
1651 1476 1751 1559 pace

396 1591 568 1674 faciunt.
590 1590 750 1673 Omnia
772 1588 863 1672 haee
876 1602 1038 1672 creator
1055 1617 1241 1701 magnus
1260 1590 1382 1672 Deus
1400 1617 1521 1690 meus
1538 1615 1752 1698 cumpace

398 1744 439 1814 et
461 1729 689 1813 eoncordia
720 1729 847 1811 iussit
882 1756 988 1830 esse,
1024 1757 1170 1811 euram
1202 1729 1399 1812 omnium
1427 1729 1603 1828 habens
1623 1754 1752 1836 super

397 1869 546 1953 omnia
560 1879 705 1950 autem
724 1879 935 1967 nostrum,
954 1867 1028 1977 qui
1047 1867 1326 1977 confugimus
1341 1869 1395 1950 ad
1412 1865 1750 1950 misericordiam

396 2007 537 2118 ipsius
560 2033 633 2114 per
665 2005 908 2088 Dominum
945 2004 1122 2087 Ihesum
1160 2005 1383 2115 Xpistum,
1407 2031 1629 2116 perquem
1655 2005 1749 2086 Deo
1774 2034 1803 2070 10

397 2160 439 2228 et
464 2144 580 2226 Patri
604 2143 660 2225 sit
682 2143 830 2243 honor,
851 2142 1054 2225 maiestas
1072 2144 1115 2225 in
1134 2145 1277 2227 secula
1294 2144 1547 2227 seculorum.
1566 2145 1719 2226 Amen.

457 2284 582 2366 XXI.
612 2282 783 2382 Uidete,
821 2281 984 2381 fratres
1024 2310 1076 2364 ne
1118 2282 1267 2364 multae
1309 2281 1592 2392 indulgentiae
1634 2280 1780 2378 illius

313 2445 315 2452 ’
398 2423 503 2506 fiant
526 2421 651 2504 nobis
669 2421 712 2502 in
735 2419 1101 2530 dampnationem,
1126 2421 1161 2502 si
1199 2448 1286 2503 non
1308 2420 1438 2531 digne
1469 2401 1545 2502 illo
1576 2429 1754 2502 conuerss

358 2536 362 2543 ⁸
400 2589 557 2661 semur,
581 2559 894 2643 benefacientes
928 2586 1026 2668 quae
1061 2559 1230 2668 placent
1266 2558 1327 2639 illi
1359 2584 1502 2640 eoram
1538 2585 1600 2640 eo,
1627 2557 1754 2639 Dixit

317 2746 321 2754 ·
399 2701 514 2784 enim
536 2727 542 2780 :
564 2698 762 2808 Spiritus
791 2695 975 2778 Domini
1003 2696 1180 2780 lucerna
1212 2702 1416 2779 scrutans
1436 2694 1753 2806 promptuaria
1777 2724 1804 2777 τε

397 2837 548 2920 cordis
575 2835 775 2918 Sciamus
798 2833 942 2943 itaque
963 2834 1066 2944 quia
1086 2834 1247 2945 ubique
1278 2862 1409 2946 prope
1441 2835 1564 2917 illum
1587 2861 1752 2933 sumus,
1899 2815 1900 2818 l

398 2990 439 3060 et
458 2975 563 3057 nihil
577 2974 678 3057 latet
696 2973 757 3054 illi
773 2973 1086 3085 cogitationum
1098 2987 1139 3057 et
1149 2974 1430 3058 consiliorum
1445 3003 1543 3085 quae
1558 2975 1750 3059 facimus.

402 3118 553 3225 ltaque
575 3114 739 3196 iustum
761 3125 837 3214 est,
863 3140 949 3195 non
981 3113 1221 3195 desertores
1258 3141 1337 3196 nos
1369 3141 1462 3196 esse
1484 3114 1755 3196 auoluntate

399 3253 527 3334 illius.
551 3251 696 3362 Magis
714 3249 965 3333 hominibus
980 3250 1267 3354 dementibus
1286 3255 1360 3364 qui
1379 3266 1483 3335 sunt
1500 3254 1593 3335 sine
1610 3281 1753 3353 sensu,

399 3403 439 3473 et
461 3389 698 3472 exaltantes
714 3417 759 3471 se
775 3403 816 3471 et
829 3389 1067 3500 gloriantes
1090 3392 1271 3502 superbe
1290 3393 1332 3474 in
1352 3393 1497 3474 uerbis
1515 3394 1606 3474 suis
1624 3391 1757 3474 ofsen-
1776 3419 1808 3455 20

400 3529 568 3626 damus,
592 3556 723 3638 quam
748 3531 891 3611 Deum
927 3542 1002 3612 aut
1036 3531 1278 3612 Dominum
1313 3529 1490 3611 Ihesum
1533 3530 1755 3639 Xpistum,

399 3668 523 3750 cuius
545 3667 726 3777 sanguis
749 3694 825 3776 pro
847 3667 973 3749 nobis
995 3669 1123 3750 datus
1137 3680 1213 3750 est.
1237 3669 1480 3752 Uereamur
1496 3696 1569 3751 eos
1586 3669 1661 3780 qui
1681 3695 1757 3778 pro

442 3959 469 4018 5.
484 3937 638 4021 alimenta]
664 3943 713 4001 Gr.
733 3945 842 4012 μαζούς,
859 3941 874 4000 ἰ.
903 3962 927 4002 e.
954 3942 1052 4003 ubera.
1152 3963 1195 4022 ¹5·
1209 3942 1298 4025 enim]
1312 3948 1330 3977 “
1340 3945 1477 4006 alicubi''
1488 3947 1556 4006 add.
1566 3947 1660 4007 Gr.-
1671 3949 1755 4006 Prov.

443 4043 467 4097 7.
485 4026 567 4082 Deus
583 4020 671 4102 meus]
685 4025 832 4082 Mendum
844 4043 908 4084 esse
918 4023 1055 4084 existimo
1109 4047 1155 4099 20,
1165 4044 1220 4100 -.27.

400 4125 453 4182 pro
467 4110 483 4136 “
500 4104 640 4164 dominus
665 4105 800 4163 omnium
816 4106 832 4132 ''
854 4108 936 4181 quod
957 4106 985 4164 in
1002 4108 1052 4167 Gr.
1152 4112 1194 4167 16.
1221 4109 1292 4184 quia
1314 4110 1417 4185 ubique
1431 4119 1523 4186 prope
1538 4111 1623 4168 illum
1645 4107 1757 4190 suiuus]

401 4187 516 4263 legitur.
1107 4190 1158 4249 Gr.
1177 4189 1295 4250 brevius
1312 4213 1317 4249 :
1333 4199 1391 4255 πῶς
1405 4192 1482 4266 ἐγγύς
1495 4192 1571 4248 ἐστιν.

444 4289 488 4326 10.
491 4279 634 4344 perquem
642 4264 717 4347 Deo]
726 4269 854 4327 Adverte
864 4267 1053 4345 doxologiam
1151 4290 1195 4345 17.
1211 4269 1428 4351 cogitationum]
1445 4276 1641 4331 “nostrarum
1656 4272 1672 4300 ’'
1687 4273 1756 4332 add.

402 4368 462 4407 non
478 4351 517 4408 ad
538 4349 699 4418 Christum,
717 4349 792 4408 sicut
808 4351 837 4407 in
858 4369 975 4425 graec0,
999 4351 1053 4409 sed
1106 4354 1155 4412 Gr.

401 4451 452 4508 per
468 4431 620 4491 Christum
636 4431 674 4489 ad
691 4433 807 4491 Patrem
823 4431 930 4492 referri.
1148 4455 1194 4493 21.
1210 4431 1275 4512 aut]
1292 4454 1350 4493 om.
1376 4435 1426 4494 Gr.
1446 4433 1475 4492 in
1491 4453 1553 4511 quo
1567 4434 1657 4493 etiam
1684 4434 1758 4494 illud

445 4533 488 4570 11.
502 4508 606 4591 honor]
625 4516 641 4543 ‘⁴
656 4524 685 4570 et
701 4513 715 4539 '’
727 4513 849 4572 addGr.
1106 4517 1188 4592 quod
1199 4516 1331 4591 sequitur
1343 4520 1360 4548 ‘⁴
1376 4515 1538 4574 Dominum
1552 4517 1655 4591 Jesurn
1666 4517 1680 4544 '²
1690 4529 1757 4589 eto,

445 4615 488 4652 12.
497 4590 625 4673 fratres]
641 4595 691 4653 Gr.
709 4595 851 4670 ἀγαπητοί.
1108 4598 1219 4674 pendet
1234 4616 1270 4656 ex
1284 4598 1375 4656 verbo
1392 4601 1409 4628 “
1423 4616 1578 4657 uereanrur
1588 4598 1612 4656 '’.

445 4695 490 4750 13·
507 4671 597 4754 nobt’s]
631 4677 649 4707 “
677 4675 818 4734 omnibus
841 4676 857 4703 ''
888 4677 956 4735 add.
987 4678 1053 4736 cod.
1151 4699 1195 4737 22.
1222 4679 1278 4753 qui
1302 4688 1361 4754 pro
1399 4679 1477 4737 nobis
1507 4675 1590 4757 sunt]
1612 4680 1662 4740 Gr.
1697 4683 1759 4743 τοὺς

401 4758 485 4817 AleX.
1108 4760 1327 4836 προηγουμένους
1345 4765 1431 4831 ἡμῶν.

446 4859 489 4911 14.
505 4835 609 4917 Dixit]
627 4836 735 4897 “Dicit
750 4839 765 4865 '³
781 4838 831 4897 Gr.
