4146 5578
420 499 476 584 44
845 495 1092 557 CLEMENTIS
1115 494 1349 554 EPISTVLAE
1678 489 1778 573 [xtvu

422 716 615 802 membra
655 743 808 801 sumus
848 716 1067 800 alterum?
1110 715 1328 798 Memores
1368 727 1505 800 estote
1546 714 1776 800 uerborum

422 857 602 940 Domini
624 855 765 940 Ihesu.
789 856 912 940 Dixit
933 856 1049 940 eninr
1071 884 1078 940 :
1113 857 1176 940 Ue
1196 855 1267 938 illi
1290 855 1459 938 homini
1471 887 1485 938 .·
1505 855 1660 939 melius
1680 859 1779 938 erat

421 1001 472 1078 at
491 1023 573 1080 non
595 1001 856 1096 nasceretur,
879 1023 1013 1104 quom
1034 1022 1169 1077 unum
1190 994 1242 1076 de
1270 993 1415 1076 electis
1434 993 1540 1075 ineis
1559 993 1778 1076 scandali-

419 1139 553 1218 zaret.
577 1134 743 1216 Melius
773 1139 872 1216 erat
892 1134 971 1234 illi,
995 1133 1264 1217 circumdari
1296 1132 1455 1242 molam
1477 1131 1580 1214 collo
1609 1131 1712 1230 eim,
1735 1137 1779 1214 et

300 1325 303 1329 -
409 1273 679 1382 precipitari
697 1273 747 1354 in
765 1273 892 1373 mari,
916 1299 1049 1381 quom
1072 1298 1207 1354 unum
1228 1271 1279 1353 cle
1298 1270 1442 1353 electis
1468 1271 1574 1352 meis
1596 1273 1778 1380 peraer—
1814 1303 1827 1356 s

420 1416 539 1497 ieret.
577 1412 778 1496 Scissura
806 1423 950 1494 uestra
972 1411 1134 1494 multos
1156 1409 1373 1520 peruertit,
1406 1409 1567 1495 multos
1593 1408 1778 1519 despon-

420 1550 519 1633 dere
540 1549 623 1632 sibi
645 1550 763 1650 ¹lecit,
788 1550 949 1633 multos
973 1550 1015 1630 in
1038 1548 1319 1650 contumacia,
1343 1557 1495 1636 omne's
1528 1559 1673 1631 autem
1696 1575 1775 1630 nos

421 1689 464 1771 in
487 1689 670 1792 tristicia
690 1689 913 1799 perduxit;
935 1699 976 1770 et
997 1687 1192 1797 pertinax
1205 1699 1270 1777 est
1292 1699 1435 1769 uestra
1456 1686 1736 1770 contumacia.

422 1880 427 1884 -
478 1827 668 1910 XLVII.
715 1826 907 1936 Recipite
958 1825 1184 1935 epistolam
1236 1824 1348 1908 beati
1398 1825 1584 1935 apostoli
1639 1825 1772 1908 Pauli.

420 1965 564 2073 Quem
584 1965 638 2048 ad
671 1964 850 2048 modum
874 1964 999 2048 uobis
1031 1965 1078 2047 in'
1098 1965 1308 2075 principio
1336 1964 1551 2077 euangelii
1575 1965 1777 2075 scripsit?
1799 1996 1828 2031 10

421 2103 537 2188 Uere
560 2103 809 2214 spiritaliter
837 2103 1008 2214 scripsit
1030 2104 1156 2187 uobis
1188 2131 1265 2214 pro
1279 2105 1513 2216 semetipso
1534 2118 1575 2188 et
1598 2105 1714 2188 Celae
1735 2116 1777 2186 et

415 2238 591 2353 ‘Apollo
630 2255 802 2354 propter
834 2241 950 2352 quod
984 2253 1026 2324 et
1057 2254 1159 2324 tunc
1191 2270 1271 2325 uos
1303 2243 1464 2353 proelia
1504 2243 1676 2326 lecistis.
1718 2243 1777 2325 Et

421 2383 692 2464 contumacia
733 2381 806 2468 illa
845 2393 1065 2490 peccatum
1107 2379 1234 2464 uobis
1275 2380 1445 2464 intulit:
1489 2381 1776 2465 contendistis

420 2521 537 2604 enirn
558 2521 780 2632 apostolis,
804 2519 964 2632 quibus
993 2519 1291 2602 testimonium
1328 2521 1478 2602 datum
1515 2533 1592 2620 est,
1615 2533 1657 2602 et
1682 2519 1776 2602 uiro

419 2659 602 2770 probato
622 2659 738 2769 apud
759 2686 844 2742 eos.
873 2657 1003 2742 Nunc
1024 2659 1134 2758 uide,
1168 2659 1367 2769 inspicite
1401 2659 1475 2769 qui
1498 2687 1578 2742 uos
1606 2685 1826 2770 peruer-1s

420 2811 576 2901 terunt,
619 2813 660 2882 et
710 2799 904 2910 quietum
956 2796 1250 2880 habundantis
1296 2798 1574 2882 fraternitatis
1620 2811 1776 2882 uestrae

422 2939 682 3022 minuerunt.
707 2937 880 3048 Turpis,
904 2935 1068 3036 fratres,
1091 2947 1132 3018 et
1149 2936 1275 3020 ualde
1306 2939 1444 3048 turpis
1466 2951 1508 3021 et
1530 2939 1710 3050 indigna
1732 2939 1775 3020 in

421 3076 582 3186 Xpisto
612 3075 854 3186 disciplina,
877 3075 1017 3157 audiri
1048 3074 1287 3158 stabilitam
1309 3089 1351 3160 et
1378 3077 1602 3188 antiquam
1625 3077 1778 3161 Corin-

464 3275 487 3314 1.
505 3251 644 3334 alterum]
660 3257 709 3314 Gr.
724 3257 857 3324 ἀλλήλων.
874 3254 979 3315 Codex
990 3255 1074 3314 aliter
1170 3272 1215 3332 15.
1248 3256 1340 3316 Nunc
1366 3253 1442 3336 ur‘de]
1480 3259 1585 3318 Codex
1614 3257 1777 3320 distincte:

421 3335 708 3413 rerba·distinguit:
739 3339 757 3368 “
784 3337 912 3394 sumus?
936 3337 1072 3396 Alterum
1128 3338 1252 3396 “Nunc
1274 3339 1342 3398 vitae
1364 3339 1388 3398 '’.
1418 3340 1498 3398 Dum
1525 3359 1643 3399 mecum
1666 3359 1777 3416 quaero

421 3437 569 3480 memores
585 3421 669 3481 ”ete
1125 3419 1270 3495 quidnam
1294 3419 1419 3479 monstri
1440 3421 1484 3479 his
1511 3420 1541 3479 in
1564 3419 1661 3480 verbis
1677 3423 1775 3492 lateat,

463 3522 488 3559 2.
505 3501 635 3559 Domini
652 3496 753 3578 liesu]
770 3497 882 3576 scripsi.
900 3499 976 3560 Cod.
992 3500 1072 3558 “dm
1125 3499 1205 3559 subit
1233 3499 1424 3577 interpretem
1455 3521 1508 3578 pro
1532 3507 1593 3560 Νυνὶ
1616 3503 1645 3559 δέ
1672 3502 1777 3580 legisse
1797 3495 1802 3504 ’

422 3581 482 3640 ihm
496 3585 519 3640 '’.
1125 3589 1175 3638 Νῦν
1196 3580 1243 3648 ibe,
1271 3592 1375 3658 postea
1400 3601 1470 3640 vero
1493 3583 1619 3642 sciolum
1646 3583 1776 3660 aliquem

463 3681 488 3739 5.
502 3665 535 3722 de
545 3664 634 3722 electis
653 3663 721 3721 met's
734 3659 925 3741 peruerteret]
942 3663 988 3720 Ita
1003 3682 1075 3738 quo·
1126 3660 1276 3720 librarium
1294 3666 1311 3711 “.
1326 3662 1395 3723 vide
1409 3666 1424 3692 ''
1437 3663 1467 3722 in
1485 3663 1589 3725 “vitae
1605 3667 1620 3692 ''
1636 3676 1775 3724 mutasse:

421 3764 480 3820 que
505 3764 574 3802 cum
600 3745 758 3805 Clemente
772 3745 855 3803 Alex.
873 3755 957 3802 vetus
978 3743 1074 3805 versio
1126 3761 1195 3800 narn
1207 3742 1337 3820 antiquis
1349 3744 1542 3822 scriptoribus
1557 3748 1702 3806 sollemne
1722 3759 1775 3820 est,

421 3825 547 3904 Syriaca,
561 3827 646 3902 cujus
662 3823 823 3884 lectionem
837 3823 990 3900 Ligbtloot
1001 3825 1073 3885 scite
1124 3823 1183 3883 din
1198 3833 1250 3884 tet
1260 3826 1435 3886 econtrario
1450 3835 1464 3884 t
1477 3826 1507 3886 in
1519 3829 1541 3885 d
1549 3839 1730 3888 convertere.

413 3926 504 3977 ¹more
526 3926 581 3966 suo
597 3918 625 3966 et
641 3907 807 3966 luculenter
821 3905 976 3982 adprobat.
995 3907 1071 3967 Cod.
1169 3909 1212 3964 16.
1229 3904 1369 3988 quietum]
1389 3910 1439 3968 Gr.
1455 3913 1487 3966 τὸ
1501 3911 1603 3980 σεμνόν.
1629 3908 1778 3970 Posterior

421 3991 472 4050 Gr.
490 4000 633 4064 uterque:
648 3997 701 4045 τῶν
716 3997 817 4063 μικρῶν
832 4012 883 4060 μου
896 3989 1071 4048 σκανδαλίσαι.
1125 4007 1231 4046 manus
1247 4008 1266 4046 u
1280 4007 1364 4048 eraso
1388 3989 1593 4068 superscripsit
1607 4011 1630 4065 e,
1646 4001 1679 4050 ut
1694 3992 1777 4051 fieret

463 4074 488 4130 6.
504 4077 599 4128 uestra
624 4070 693 4129 add.
714 4089 726 4126 1
744 4087 835 4128 manu
850 4087 914 4144 sup.
926 4066 975 4126 lin.
1125 4073 1143 4102 “
1155 4067 1286 4144 quietem
1299 4072 1322 4130 ”.

465 4171 489 4227 7.
501 4159 596 4210 autem
622 4170 681 4210 orn.
695 4151 777 4208 Alex.
792 4162 821 4209 et
837 4153 939 4212 Const.
1164 4149 1375 4232 habundantii]
1391 4151 1501 4229 scripsi.
1515 4154 1585 4212 Erat
1601 4152 1680 4230 prius
1694 4157 1710 4186 “
1727 4154 1776 4212 ha-

468 4254 510 4292 ιο.
535 4233 625 4308 Quem
640 4234 683 4290 ad
700 4229 826 4311 modum]
850 4229 948 4292 Codd.
966 4233 1016 4290 Gr.
1043 4244 1073 4291 et
1124 4231 1278 4292 bundante
1287 4234 1303 4260 ''
1310 4234 1437 4306 3deinde
1451 4253 1465 4290 2
1479 4253 1570 4293 manu
1580 4235 1777 4311 superscripta

418 4314 558 4392 Syriacus
577 4313 737 4389 interpres:
764 4313 923 4386 liupoton
949 4312 1072 4372 Latinus
1124 4324 1168 4372 est
1193 4311 1223 4370 in
1246 4333 1260 4371 e
1283 4313 1421 4374 litteras.
1450 4317 1499 4374 Gr.
1526 4319 1689 4392 ntprssotiou
1705 4316 1721 4375 i.
1749 4336 1774 4376 e.

423 4407 522 4456 autem
535 4405 635 4454 noster
651 4413 720 4470 prae
729 4392 824 4452 oculis
840 4392 978 4453 habuisse
993 4394 1073 4454 vide·
1126 4397 1144 4424 “
1160 4393 1390 4454 nominatissimi
1406 4399 1428 4455 '’.

423 4489 469 4535 tur
490 4478 551 4534 Τίνα
563 4478 671 4551 τρόπον.
689 4475 783 4534 Haud
806 4475 884 4533 adeo
905 4477 1072 4551 spernenda
1157 4473 1377 4556 fraternitatis]
1396 4507 1420 4525 =
1442 4477 1562 4537 fraterni
1574 4477 1691 4540 amoris.

422 4557 519 4630 lectio,
546 4575 616 4615 cum
645 4553 816 4633 praesertim
846 4555 919 4615 illud
950 4557 1071 4616 verbum
1169 4577 1212 4630 17.
1240 4559 1289 4616 Gr.
1317 4562 1335 4588 “
1350 4560 1471 4636 Turpia,
1496 4559 1606 4632 dilecti,
1634 4573 1663 4618 et
1688 4561 1775 4626 ualde

421 4647 528 4714 πρῶτον
544 4639 596 4697 su'a
608 4656 668 4696 non
683 4647 781 4698 careat
796 4636 976 4697 difficultate.
1125 4639 1222 4713 turpia
1236 4651 1265 4698 et
1280 4637 1404 4716 indigna
1419 4641 1497 4700 illius
1512 4660 1590 4718 quae
1609 4640 1639 4699 in
1656 4642 1775 4702 Christo

461 4739 510 4860 ἑὲ.
521 4716 680 4799 peccatum]
702 4718 829 4778 “minus
849 4719 948 4778 ”add
969 4719 1073 4796 reliqui
1125 4730 1169 4779 est
1183 4719 1358 4796 disciplinae
1373 4723 1395 4780 ''.

422 4819 459 4860 co
504 4846 510 4858 .
