4146 5578
471 491 530 573 xli]
907 496 1062 557 VERSIO
1086 498 1404 572 ANTIQVISSIMA.
1779 504 1820 558 ll

472 712 717 820 aquilonem
738 721 781 797 at
801 715 1007 823 affricam
1027 721 1071 798 at
1090 716 1298 799 orientem
1318 723 1362 800 at
1382 744 1513 818 naara,
1537 717 1643 826 qaia
1663 744 1828 801 omaaa

471 857 651 953 terram,
674 882 807 963 qaam
829 860 879 937 ta
901 855 1032 956 addae,
1059 857 1142 938 tta·
1177 857 1285 940 dabo
1306 856 1431 940 illota
1451 861 1495 940 at
1513 858 1671 940 semlai
1689 864 1763 941 tao
1784 858 1830 940 z'a

471 995 704 1088 aternam:
722 995 953 1102 etfaciam
973 1023 1114 1078 Setaea
1136 1000 1263 1077 tana
1297 998 1413 1079 sicat
1444 996 1657 1078 harenam
1678 997 1828 1099 marra,

472 1157 568 1239 aaa
588 1162 671 1217 aaa
692 1134 1055 1218 dinumerabitur.
1080 1137 1138 1218 Et
1160 1137 1314 1218 iterum
1333 1135 1443 1218 dixit
1459 1163 1466 1217 :
1483 1135 1664 1217 Eduxit
1684 1142 1832 1219 autera

425 1299 438 1351 s
474 1271 597 1354 Deae
616 1275 667 1354 A
672 1273 857 1355 bradam
880 1273 1013 1380 sorra,
1037 1279 1081 1356 at
1115 1274 1238 1356 aaa
1258 1274 1347 1357 a‘llr':
1367 1275 1548 1384 Respice
1579 1277 1626 1355 aa
1656 1273 1766 1373 calo,
1789 1281 1832 1356 at

473 1436 655 1493 namara
674 1411 836 1511 stallae,
860 1411 902 1492 si
909 1412 1080 1520 poteris
1099 1438 1330 1494 numerare
1343 1411 1454 1494 illae.
1474 1412 1522 1493 E
1524 1415 1544 1492 t
1559 1410 1679 1494 duait
1690 1413 1831 1494 Deae:

385 1547 388 1553 ‘
473 1548 548 1632 §a
566 1550 653 1632 erit
671 1577 811 1632 serata
834 1554 970 1632 taam.
989 1552 1037 1632 E
1039 1555 1059 1632 t
1072 1549 1259 1634 credidit
1277 1551 1329 1632 A
1334 1551 1518 1632 brodata
1533 1550 1637 1650 Deo,
1653 1555 1697 1631 at
1715 1551 1830 1631 asti·

475 1693 646 1770 atatam
667 1695 731 1771 est
752 1689 823 1772 aa·
841 1691 905 1772 aa'
920 1691 1155 1774 t'astr'a'ara.
1183 1694 1243 1774 Et
1279 1705 1452 1800 propter
1472 1690 1601 1772 fidem
1624 1703 1665 1772 et
1687 1690 1831 1799 hospi-

475 1826 686 1909 talitatem
722 1828 850 1910 datus
884 1842 950 1912 est
984 1829 1045 1912 illi
1083 1830 1201 1913 filius
1237 1829 1280 1911 in
1304 1838 1484 1930 senecta,
1508 1855 1637 1940 quem
1660 1839 1833 1938 propter

427 2008 457 2045 10
474 1965 799 2050 obaudientiam
824 1969 918 2051 Deo
955 1970 1114 2079 optulit
1150 1969 1372 2052 uictimam
1407 1968 1450 2050 in
1474 1980 1678 2068 montem,
1703 1994 1832 2078 quem

474 2103 665 2187 ostendit
688 2105 748 2187 illi
774 2106 906 2189 Deua

534 2244 613 2326 XI.
660 2244 771 2326 Item
793 2244 896 2355 quia
927 2257 1016 2327 erat
1053 2245 1282 2356 hospitalis
1326 2256 1367 2327 et
1409 2245 1519 2355 piuS,
1546 2243 1659 2326 Loth
1682 2243 1832 2326 saluus

476 2386 613 2467 lactus
635 2393 700 2464 est
721 2381 774 2464 de
797 2382 1016 2483 SodomiS,
1040 2410 1138 2467 cum
1159 2383 1303 2466 omnis
1326 2383 1444 2496 regio
1465 2382 1699 2491 dampnata
1719 2392 1833 2464 esset

477 2551 551 2634 per
572 2523 717 2634 ignem
739 2533 781 2603 et
817 2521 1094 2632 sulphurem:
1117 2522 1257 2631 palam
1295 2521 1393 2604 lecit
1413 2521 1528 2604 enim
1560 2523 1693 2622 DeuS,
1717 2519 1830 2630 quia,

429 2662 552 2773 15·qui
575 2671 749 2771 sperant
770 2659 813 2740 in
834 2687 950 2759 eum,
971 2688 1056 2743 non
1075 2659 1343 2770 derelinquet
1373 2687 1460 2760 eoa,
1494 2659 1567 2769 qui
1586 2671 1730 2740 autem
1753 2658 1833 2739 du-

477 2800 537 2882 bii
565 2795 570 2911 l
598 2799 667 2881 lol.
700 2818 774 2904 107
802 2797 808 2912 Ι
863 2813 978 2901 sunt,
1010 2801 1052 2882 in
1075 2829 1236 2911 poenas
1258 2814 1298 2884 et
1320 2813 1535 2883 tormenta
1575 2799 1832 2906 tradunturj

478 2938 700 3050 quomodo
720 2940 762 3019 et
777 2965 885 3022 uxor
902 2940 1030 3040 Loth,
1050 2967 1148 3022 cum
1161 2941 1294 3023 exiret
1309 2941 1466 3050 pariter
1482 2966 1579 3022 cum
1597 2966 1659 3039 e0,
1676 2951 1717 3021 et
1735 2967 1833 3022 cum

479 3090 593 3161 esset
618 3077 661 3158 in
688 3079 831 3159 Deum
854 3077 997 3176 dubia,
1022 3079 1131 3160 lacta
1164 3090 1230 3160 est
1263 3090 1405 3159 statua
1437 3089 1478 3159 et
1501 3089 1832 3159 monumentum

481 3219 584 3301 salis
606 3243 743 3327 usque
766 3216 811 3297 in
835 3216 1092 3299 hodiernum
1115 3217 1255 3300 diem:
1281 3230 1328 3299 ut
1350 3217 1406 3298 sit
1435 3215 1639 3299 omnibus
1666 3228 1831 3312 notum,

427 3399 459 3435 20
478 3359 581 3470 quia
600 3357 722 3440 dubii
745 3369 786 3439 et
809 3383 894 3438 non
917 3355 1136 3438 credentes
1170 3356 1223 3439 de
1259 3357 1419 3438 uirtute
1455 3356 1536 3438 Dei
1561 3356 1603 3436 in
1626 3356 1834 3464 dampna-

478 3500 642 3582 tionem
664 3508 705 3578 et
726 3494 974 3604 exemplum
998 3494 1203 3577 omnibus
1225 3496 1400 3577 saeculis·
1417 3507 1553 3578 erunt.

537 3637 642 3718 XII.
670 3635 780 3716 ltem
803 3645 975 3742 propter
1012 3633 1154 3734 fidem,
1177 3633 1281 3744 quia
1313 3631 1542 3742 hospitalis
1573 3642 1674 3732 erat,
1714 3628 1835 3710 salua

479 3777 590 3859 lacta
610 3787 676 3858 est
700 3772 833 3872 Raab,
856 3799 957 3882 quae
977 3772 1306 3882 cogminabatur
1328 3773 1563 3854 fornicaria.
1583 3771 1696 3852 Cum
1717 3767 1833 3850 enim

520 3998 546 4054 3.
562 3973 666 4056 attaris]
682 3978 730 4036 Gr.
750 3978 767 4007 “
782 3985 875 4033 terrae
890 3975 913 4032 '’.
1220 3972 1303 4054 quia]
1319 3975 1420 4050 scripsi
1425 3998 1432 4048 ;
1449 3977 1516 4037 Cod
1541 3980 1558 4007 ‘⁸
1574 3975 1625 4052 qui
1641 3978 1664 4033 ”.

520 4081 546 4132 4.
562 4079 628 4134 qua
639 4079 696 4116 aaa
708 4051 954 4134 dinumerabitur]
969 4055 1062 4114 Aliter
1077 4058 1126 4115 Gr.
1225 4076 1266 4128 14·
1276 4054 1360 4136 fecit]
1387 4059 1433 4116 Ita
1448 4056 1583 4134 Syriacus
1597 4079 1604 4130 3
1620 4059 1702 4114 Alex.
1720 4074 1789 4114 vero
1805 4066 1833 4114 et

480 4147 497 4176 “
512 4143 541 4201 Si
558 4139 664 4217 poterit
679 4137 785 4214 aliquis
800 4137 987 4196 dinumerare
1008 4155 1127 4196 arenam
1182 4139 1284 4198 Consr.
1301 4141 1423 4208 ποιήσας.

478 4236 580 4293 terrae,
597 4233 625 4280 et
641 4239 742 4279 semen
758 4230 841 4278 tuum
854 4217 1090 4277 dinumerabitur
1104 4220 1127 4276 ”.
1225 4222 1268 4277 18.
1286 4221 1317 4276 in
1333 4216 1443 4299 Deam]
1466 4238 1524 4278 orn.
1542 4221 1592 4279 Gr.
1609 4220 1663 4278 sed
1679 4239 1748 4276 mox
1762 4219 1831 4277 add.

521 4299 612 4382 dt'act't]
628 4303 702 4361 Gen.
725 4317 769 4376 15,
787 4303 844 4376 5-6.
1182 4302 1446 4376 καὶούκένὸμονοίᾳ,
1464 4319 1541 4376 quae
1567 4300 1656 4360 verba
1681 4302 1720 4359 ab
1749 4299 1835 4360 inler-

530 4380 638 4463 autem]
654 4403 712 4441 om.
729 4383 794 4441 cod.
814 4382 896 4439 Alex.
1182 4392 1264 4456 prete
1279 4382 1325 4439 vel
1341 4380 1459 4440 librario
1474 4382 1680 4457 praetermissa
1695 4391 1771 4440 sunt.

521 4470 547 4526 6.
564 4468 610 4524 Et
622 4466 701 4522 dt'ocil
713 4459 808 4542 Deus]
824 4481 881 4520 om.
900 4460 1004 4538 reliqui
1020 4482 1086 4521 mss.
1224 4481 1269 4519 22.
1285 4458 1373 4540 Irene]
1388 4482 1447 4522 orn.
1465 4463 1516 4522 Gr.

522 4551 548 4606 8.
564 4542 621 4625 Et]
636 4557 705 4604 ante
719 4548 739 4576 “
755 4553 873 4620 propter
887 4543 902 4570 ’'
917 4562 976 4601 om.
994 4545 1046 4603 Gr.
1215 4539 1318 4622 fidem]
1336 4547 1353 4574 “
1368 4556 1397 4602 et
1412 4545 1427 4571 ’'
1443 4545 1511 4603 add.
1530 4547 1579 4605 Gr.

525 4649 568 4688 10.
586 4629 616 4686 in
640 4621 773 4705 mantem]
789 4627 839 4685 Gr.
855 4630 922 4702 πρὸς
934 4632 960 4682 ’ἐν
972 4635 1025 4682 τῶν
1038 4625 1131 4701 ὀρέων.
1227 4645 1241 4681 2
1246 4644 1270 4699 3.
1288 4622 1518 4705 cograt'nabalar]
1535 4628 1581 4685 Ita
1603 4645 1656 4685 ms.
1673 4627 1784 4704 syllaba
1800 4647 1836 4684 na

527 4729 570 4769 11.
588 4703 683 4786 Deus]
698 4727 756 4766 om.
774 4708 824 4766 Gr.
1185 4724 1332 4782 oppressa.
1347 4707 1460 4766 Codex.
1479 4710 1561 4767 Alex.
1573 4727 1632 4767 om.
1649 4713 1754 4785 “quae
1770 4729 1836 4786 cog-

528 4811 571 4850 12.
583 4786 669 4870 Item]
682 4808 802 4866 quoque
815 4805 891 4846 unus
905 4786 988 4846 addit
1001 4787 1131 4846 Latinus.
1188 4785 1398 4846 nominabatur
1412 4789 1435 4848 ''.
