4146 5578
410 496 464 583 52
831 493 1078 556 CLEMENTIS
1101 492 1335 556 EPISTVLAE
1690 491 1767 577 [cvu
1893 517 1897 519 ·

410 712 819 826 snpemenientinm.
843 714 1009 825 [inpios
1020 719 1063 797 ei
1078 700 1248 823 iniq'nos
1267 713 1490 815 deridebis,
1508 720 1552 798 et
1572 742 1600 800 a
1622 716 1769 800 bestiis

398 855 521 966 fenis
539 881 622 937 non
658 853 838 938 timebis,
875 852 1039 936 Bestia
1065 852 1179 934 enim
1214 853 1430 936 silnestna
1454 855 1657 964 ,bocnica
1689 855 1772 938 libi

412 998 550 1078 cenni.
587 990 759 1074 Deinde
793 1018 1009 1101 cognosces
1041 991 1247 1098 queniam
1269 996 1372 1101 pan
1402 998 1468 1076 cst
1487 993 1640 1077 domns
1675 1001 1765 1094 ina,

412 1133 531 1218 dreia
571 1136 719 1215 antem
755 1129 1028 1214 tabernacnli
1060 1129 1132 1210 ini
1168 1157 1250 1212 non
1280 1130 1494 1239 peccand.
1541 1133 1770 1241 Cognosces
1847 1189 1865 1220 ,-

412 1276 561 1355 antem
584 1270 788 1379 qnorn'am
808 1268 1022 1377 copiosnm
1042 1272 1108 1350 est
1126 1294 1267 1351 semen
1290 1273 1427 1370 incarn,
1437 1270 1540 1378 filii
1570 1299 1669 1355 nero
1702 1273 1773 1354 ini
1805 1303 1819 1356 s

412 1415 544 1493 ennnb
576 1409 691 1492 sicnt
723 1433 846 1492 omne
873 1433 1012 1514 geniis
1046 1407 1288 1515 agrestium
1322 1407 1567 1494 benbamnn.
1614 1412 1771 1495 Uenies

414 1555 562 1633 antem
594 1549 640 1631 in
674 1546 901 1656 sepiclbnna
934 1547 1048 1629 sicnt
1084 1545 1282 1628 tn‘n'cnnr
1315 1553 1543 1630 mainenm
1563 1547 1682 1657 qnod
1694 1576 1771 1632 sno

415 1693 603 1798 terrebere
638 1687 831 1786 rnetiinn,
866 1689 949 1767 ani
980 1684 1098 1766 sient
1131 1712 1313 1768 aceenns
1347 1714 1460 1770 anea
1494 1687 1574 1796 qni
1589 1713 1667 1771 ora
1687 1714 1770 1770 sna

414 1829 613 1938 emgiinn.
641 1825 813 1925 Uidete,
839 1824 1070 1924 karissimi,
1095 1837 1258 1934 quanta
1279 1826 1488 1935 protectio
1518 1838 1584 1910 est
1607 1825 1676 1909 his
1697 1826 1770 1937 qui

415 1964 657 2048 aDomino
678 1962 984 2073 corripiuntur:
1020 1974 1140 2072 pater
1171 1963 1287 2045 enim
1325 1964 1467 2046 bonus
1503 1965 1689 2075 corripit,
1726 1976 1772 2047 ut
1794 1999 1823 2036 ιο

418 2102 671 2186 misereatur
692 2100 828 2183 nostri
851 2127 925 2211 per
949 2111 1141 2184 sanctam
1164 2100 1403 2186 doctrinam
1427 2130 1563 2186 suam.

478 2240 620 2323 LVII.
647 2240 744 2322 Uos
775 2267 889 2350 erga,
913 2238 987 2350 qui
1009 2251 1206 2323 auctores
1229 2241 1458 2325 seditionis
1489 2241 1647 2343 fuistis
1672 2240 1773 2325 sub-

420 2379 515 2483 iecti
552 2390 696 2462 estote·
725 2377 982 2477 senioribus
1020 2390 1062 2460 et
1096 2378 1329 2462 erudimini
1366 2379 1420 2461 ad
1461 2379 1770 2490 paenitentiam,

420 2529 651 2602 curuantes
685 2543 829 2628 genua
861 2515 1002 2600 cordis
1044 2517 1186 2600 uestri.
1235 2517 1400 2601 Discite
1440 2518 1621 2602 subiecti
1663 2545 1770 2618 esse,

418 2658 621 2770 deponite
642 2656 873 2740 clationem
904 2669 945 2738 et
982 2655 1241 2765 superbiam,
1279 2657 1441 2770 linguae
1463 2669 1620 2742 uestrae
1640 2657 1773 2742 auda·
1793 2691 1822 2743 ιε

343 2823 345 2827 ·
417 2797 546 2880 ciam:
562 2795 717 2889 melius
733 2806 799 2878 est
815 2795 931 2877 enim
949 2821 1028 2883 uos
1045 2801 1175 2905 grege
1191 2797 1231 2878 X
1237 2795 1338 2906 pisti
1362 2797 1567 2880 minimos
1581 2809 1622 2880 et
1636 2796 1773 2879 claros

416 2933 614 3034 inueniri,
645 2959 777 3043 quarn
812 2931 1054 3014 excelentes
1082 2959 1163 3016 uos
1198 2934 1467 3018 aestimantes
1503 2933 1772 3044 proiciamini

417 3102 443 3157 a
474 3101 550 3184 spe
585 3073 638 3178 de
660 3100 736 3184 spe
752 3072 857 3156 eius.
894 3072 969 3156 Sic
989 3072 1106 3156 enim
1128 3071 1232 3156 dicit
1268 3071 1499 3156 laudabilis
1538 3071 1772 3184 sapientia:

417 3215 532 3300 Ecce
541 3213 772 3324 berneiam
794 3212 913 3295 nobis
932 3240 1035 3296 inea
1055 3211 1341 3322 aspirationis
1363 3212 1504 3312 neeba,
1522 3211 1775 3320 doceamqne

417 3350 493 3438 nos
513 3380 657 3436 inenm,
674 3379 918 3436 sermonem.
942 3351 1161 3458 Qnoniam
1184 3353 1389 3435 nocebant
1410 3356 1453 3433 ei
1473 3377 1554 3433 non
1575 3350 1774 3436 obandie-
1793 3389 1825 3424 20

418 3489 544 3592 baiis,
568 3497 612 3573 eb
631 3491 912 3573 extendebam
939 3492 1069 3574 neeba
1095 3517 1169 3573 nec
1199 3489 1508 3584 intendebatis·
1537 3487 1618 3570 sed
1638 3489 1773 3572 imi’ia

459 3702 483 3740 2.
502 3676 652 3758 sr'lnestra]
667 3699 681 3737 2
697 3697 787 3737 manu
804 3676 926 3737 ultimae
941 3677 1071 3753 syllabae
1123 3675 1195 3736 dum
1221 3695 1286 3737 esse
1311 3676 1445 3753 suspicor
1467 3697 1520 3752 pro
1544 3677 1731 3754 “superbam
1747 3679 1770 3738 ''.

416 3763 519 3824 addita
534 3772 578 3822 est
587 3761 713 3831 litteras,
728 3769 760 3818 ut
772 3759 854 3818 fieret
867 3757 1068 3818 “siluestres’'.
1173 3761 1217 3816 16.
1234 3761 1314 3819 Ante
1341 3762 1358 3790 “
1372 3777 1461 3834 grege
1476 3760 1491 3786 '’
1516 3757 1770 3836 praepositionem

459 3846 485 3902 8.
502 3839 567 3922 ora]
582 3845 647 3918 lege
664 3845 682 3874 “
697 3841 769 3899 hora
784 3841 808 3898 ''.
1122 3842 1140 3872 “
1156 3838 1186 3897 in
1202 3838 1421 3900 ”inserendam
1437 3859 1501 3900 esse
1527 3840 1614 3900 facile
1636 3839 1768 3900 conicias

462 3943 506 4000 13.
523 3919 693 4002 serenioribus]
719 3940 754 3980 ex
776 3924 793 3953 ‘⁶
808 3919 964 3980 senoribus
980 3921 1004 3992 '’,
1026 3919 1070 3978 lit·
1120 3940 1156 3982 ex
1171 3921 1221 3980 Gr.
1239 3923 1265 3980 ἐν
1277 3931 1316 3998 τῷ
1326 3923 1451 3998 ποιμνίῳ.

418 4017 481 4066 tera
495 4007 509 4065 i
527 4025 616 4082 super
640 4022 756 4064 versum
782 4003 820 4060 ab
847 4000 912 4078 ipso
927 3999 1069 4078 scriptore
1164 4020 1207 4076 17.
1237 3998 1398 4080 excolentes]
1428 4019 1483 4076 pro
1514 4002 1725 4062 “excellenter
1740 4004 1773 4062 ”i

420 4087 531 4150 addila.
1122 4084 1172 4144 Gt.
1190 4092 1248 4142 καθ’
1261 4086 1407 4158 ὑπεροχήν.

459 4165 632 4248 erudinn'ni]
648 4167 724 4228 Cod.
741 4163 898 4224 “erudirni
912 4165 936 4223 ’'.
1166 4167 1209 4222 18.
1234 4183 1253 4221 a
1277 4173 1324 4239 spe
1348 4165 1381 4220 de
1404 4159 1461 4242 spe]
1489 4163 1535 4222 Ita
1559 4164 1663 4224 codex.
1694 4168 1772 4224 Puto

463 4268 506 4326 ¹5·
518 4246 657 4329 deponite]
669 4245 771 4323 scripsi
778 4268 787 4321 3
800 4247 896 4306 codex
911 4265 980 4306 vero
997 4248 1014 4276 “
1029 4264 1070 4304 re·
1122 4245 1273 4304 librarium
1296 4244 1456 4302 scribendo
1478 4246 1496 4274 “
1512 4263 1528 4302 a
1544 4264 1596 4320 spe
1611 4246 1626 4273 ”
1652 4245 1772 4322 ingenio

419 4333 523 4409 ponite
538 4332 562 4403 ’',
585 4331 607 4388 d
627 4329 656 4389 in
681 4350 704 4400 r,
727 4328 769 4386 uti
797 4347 858 4387 non
880 4347 944 4387 raro
961 4325 1068 4398 evenit,
1122 4326 1216 4404 magis
1231 4344 1286 4385 suo
1302 4324 1461 4384 indulsisse
1483 4344 1573 4400 quam
1590 4327 1789 4404 archetyp03·

419 4431 572 4491 perperam
588 4421 712 4471 mutato.
730 4411 774 4470 Cf.
792 4428 888 4485 supra,
900 4427 926 4485 p.
938 4426 985 4482 47,
1000 4409 1068 4468 l.16.
1122 4420 1194 4481 rum,
1211 4425 1279 4466 vera
1290 4405 1420 4466 lectione
1435 4406 1590 4482 descripta,
1610 4409 1772 4484 quominus

473 4490 634 4573 elationem]
667 4490 752 4568 Legit
786 4501 885 4549 noster
914 4489 1071 4548 substanti·
1122 4486 1624 4564 erratumcorrigeretabstinuissc.

421 4594 490 4634 vum
517 4577 677 4642 ἀλαζονείαν.
701 4574 748 4632 Ita
767 4570 890 4648 quidem
917 4570 1052 4647 Syriacus
1063 4591 1071 4643 3
1166 4591 1211 4646 19.
1228 4571 1388 4647 sqq.Pr0v.
1409 4589 1432 4642 1,
1452 4589 1549 4646 23·33·

422 4658 555 4716 Graccus
600 4673 668 4714 vero
715 4664 840 4730 uterque
888 4651 1069 4712 adiectivum
1162 4648 1285 4731 doceam]
1304 4679 1329 4698 =
1349 4651 1494 4710 “docebo
1506 4653 1521 4679 ’'
1537 4661 1568 4711 ut
1583 4672 1671 4730 supra
1683 4673 1710 4730 p.
1728 4673 1772 4730 19,

422 4741 546 4806 ἂλάζονα.
1120 4732 1170 4792 lin.
1191 4735 1234 4791 18.

463 4811 636 4898 srcperbiam]
652 4815 710 4874 hoc
730 4813 798 4873 loco
816 4812 967 4890 scripturae
988 4831 1069 4871 men·
