4146 5578
995 735 1270 830 INCIPIT

516 986 1049 1115 EPtsTotn
1120 989 1750 1119 cremensis

686 1243 688 1246 ’
805 1275 920 1379 nn
984 1273 1455 1382 conrnmos

509 1743 801 1825 AEctsssrn
834 1743 915 1823 Dei
958 1742 1201 1824 consistens
1228 1744 1380 1826 Romae,
1400 1743 1582 1825 aeclesiae
1606 1744 1686 1824 Dei
1710 1770 1812 1824 con-

421 1908 441 1996 ι
455 1879 624 1962 sistenti
667 1880 971 1980 Chorinthum,
1009 1881 1174 1962 uocatis
1209 1882 1369 1963 sanctis
1403 1881 1447 1963 in
1479 1881 1704 1963 uoluntate
1728 1857 1824 1962 Dei

454 2045 528 2126 per
551 2018 792 2099 Dominum
816 2031 1015 2100 nostrum
1053 2018 1230 2100 Ihesum
1257 2020 1476 2130 Xpistum.
1503 2020 1653 2102 Gratia
1682 2020 1808 2100 uobis

453 2167 495 2238 et
538 2184 618 2266 pax
657 2156 712 2237 ab
758 2157 1055 2266 omnipotente
1116 2158 1209 2238 Deo
1250 2185 1324 2267 per
1365 2159 1575 2268 Xpistum
1630 2156 1808 2238 lhes'um

454 2294 657 2377 abundet

423 2483 427 2490 -
515 2435 545 2518 Ι,
575 2436 755 2544 Propter
778 2434 1029 2516 subitaneos
1051 2434 1161 2517 alios
1184 2447 1313 2545 atque
1335 2435 1443 2517 alios
1465 2461 1590 2517 casus
1612 2445 1653 2515 et
1677 2433 1811 2542 impe-

411 2603 438 2637 10
457 2574 650 2656 dimenta
672 2601 781 2683 quae
802 2573 1078 2684 contigerunt
1101 2573 1238 2672 nobis,
1259 2575 1425 2656 tardius
1441 2573 1643 2655 uidemur
1663 2598 1810 2653 euram

456 2713 612 2824 aegisse
635 2711 687 2792 de
708 2711 869 2821 quibus
890 2711 1159 2811 desideratis,
1177 2713 1395 2797 karissimi
1413 2712 1577 2810 mihi,et
1593 2711 1651 2793 'de
1673 2711 1825 2792 aliena·

340 2876 343 2882 ·
456 2865 498 2934 et
533 2863 675 2934 extera
700 2851 933 2956 electorum
968 2851 1049 2932 Dei
1073 2851 1284 2934 inmunda
1309 2864 1350 2933 et
1378 2850 1564 2932 nefanda
1586 2849 1809 2950 seditione,

457 3017 587 3100 quam
609 3016 757 3100 paucae
779 3017 986 3098 personae
1009 2992 1217 3100 superbae
1238 3002 1279 3071 et
1302 2989 1544 3098 petulantes
1567 2990 1611 3070 in
1641 3001 1811 3071 tantum

496 3224 525 3276 4.
546 3200 709 3283 consistens]
727 3203 785 3262 Diu
799 3214 827 3262 et
842 3201 948 3262 acriter
963 3202 1106 3280 discepta-
1203 3198 1812 3280 11,dequibusdesilieratr’sWereornemul-

455 3295 519 3344 tum
535 3296 579 3344 est
591 3284 666 3344 inter
677 3286 783 3344 doctos
799 3285 876 3344 viros
889 3285 927 3344 de
939 3284 966 3344 vi
978 3286 1107 3360 appella·
1159 3282 1194 3342 tis
1210 3283 1305 3358 iisque
1330 3283 1510 3342 doctissimis
1532 3283 1600 3340 viris
1617 3285 1758 3341 molestus
1775 3281 1811 3340 sit

456 3366 545 3426 tionis
554 3375 848 3444 graecaertapotaoteu
860 3391 866 3426 :
880 3385 969 3442 quam
981 3367 1105 3442 quidem
1158 3365 1267 3424 modus
1286 3363 1334 3424 ille
1348 3363 1567 3439 interpretandi
1582 3368 1642 3438 περὶ
1658 3371 1712 3419 τῶν
1722 3364 1810 3431 ἐπιζη-

457 3447 590 3525 plerique
613 3447 792 3508 recentiores
818 3459 967 3507 verterunt
990 3452 1008 3480 “
1028 3467 1106 3524 quae
1158 3449 1294 3518 τουμέιωι
1317 3445 1379 3520 παρ’
1405 3449 1463 3516 ὑμῖν
1476 3448 1654 3520 πραγμάτων,
1679 3463 1739 3520 quo
1758 3446 1811 3503 etsi

457 3529 658 3606 peregrinatur
673 3531 699 3589 '’.
710 3529 845 3589 Verbum
878 3533 894 3561 “
910 3528 1074 3589 consistere
1090 3531 1104 3557 '¹
1159 3547 1295 3605 expresse
1310 3547 1370 3587 non
1387 3527 1502 3599 dicitur,
1520 3527 1653 3586 innuitur
1669 3538 1769 3585 tamen
1797 3545 1814 3584 a

456 3612 494 3671 ab
509 3611 668 3686 interprete
684 3623 786 3670 nostro
803 3623 977 3688 usurpatum
1004 3631 1106 3687 quam·
1159 3609 1336 3688 presbyteris
1369 3609 1470 3668 aliisve
1499 3609 1637 3668 fidelibus
1671 3607 1814 3667 ecclesiae

456 3713 547 3770 quam
567 3693 605 3752 ad
632 3693 689 3752 vim
710 3693 791 3752 verbi
821 3701 952 3752 κατοικεῖν
986 3692 1106 3769 propius
1159 3691 1383 3754 Corinthiorum
1408 3692 1575 3750 consultam
1608 3690 1698 3748 luisse
1720 3690 1813 3748 eccle-

457 3775 582 3847 accedit,
598 3785 699 3833 tamen
714 3775 753 3834 de
769 3774 873 3833 itinere
889 3769 1056 3833 intermisso
1071 3793 1106 3832 ac
1159 3774 1233 3833 siam
1251 3776 1428 3833 Romanam.
1457 3776 1496 3831 At
1512 3791 1590 3844 vero,
1607 3773 1690 3848 quod
1706 3780 1811 3829 contra

456 3857 583 3934 proinde
597 3857 636 3916 de
663 3856 744 3915 brevi
760 3855 915 3915 mansione
930 3855 1106 3933 saepissime
1159 3855 1368 3915 huiuscemodi
1404 3853 1679 3931 interpretationem
1707 3853 1810 3912 obten-

457 3937 573 3999 dicitur.
1160 3938 1245 4008 dunt,
1286 3937 1315 3996 in
1341 3956 1448 4012 graeco
1477 3935 1620 4010 scripturn
1651 3953 1715 3994 esse
1749 3933 1813 4008 παρ’

486 4042 531 4096 ·9.’
542 4017 756 4100 impedimenta]
774 4019 869 4080 Codd.
889 4017 1107 4078 Alexandrinus
1161 4021 1228 4090 ὑμῖν,
1245 4039 1305 4078 non
1320 4018 1383 4093 παρ’
1397 4021 1481 4088 ὑμῶν,
1498 4017 1604 4077 dubito
1626 4036 1664 4076 an
1688 4015 1815 4074 multum

458 4115 487 4162 et
502 4101 637 4178 Syriacus
653 4105 837 4178 περιπτώσεις,
858 4100 1107 4176 Constantinopo·
1162 4103 1255 4164 valeat
1270 4125 1275 4160 :
1291 4115 1405 4160 certum
1427 4112 1470 4159 est
1489 4099 1569 4159 enim
1585 4101 1658 4174 παρά
1673 4107 1817 4172 sequente

458 4183 566 4244 liranus
595 4203 664 4242 vero
679 4185 851 4258 περιστάσεις,
868 4181 916 4240 cui
938 4182 1031 4259 magis
1053 4201 1109 4241 res·
1162 4181 1424 4249 dativointerdum
1441 4182 1549 4256 “apud
1560 4183 1574 4208 ''
1587 4180 1626 4237 ita
1642 4178 1816 4256 significare,

459 4267 592 4342 pondere
618 4263 734 4325 videtur
760 4262 849 4321 latina
865 4282 922 4322 vox
948 4268 965 4295 “
986 4262 1108 4338 impedi·
1163 4263 1298 4322 uterium
1314 4262 1535 4339 praepositione
1552 4265 1568 4292 “
1579 4262 1617 4320 ab
1629 4262 1643 4288 ’³
1656 4259 1739 4320 reddi
1753 4279 1817 4334 pos·

459 4360 560 4406 menta
575 4349 600 4405 ’'.·
616 4345 692 4405 Cod.
709 4346 792 4416 Alex.
806 4345 877 4407 add.
899 4347 1021 4421 ἀδελφώ
1046 4346 1107 4420 Syr.
1162 4345 1206 4404 sit.
1222 4344 1315 4406 Cuius
1328 4345 1369 4403 rei
1380 4346 1549 4420 exemplum
1563 4344 1707 4402 habemus
1719 4343 1820 4400 exhac

461 4433 478 4460 “
493 4427 603 4488 dilecti.
614 4429 630 4456 ''
655 4493 657 4498 ,
1163 4427 1226 4502 ipsa
1239 4426 1402 4488 Clementis
1418 4425 1545 4502 epistula
1567 4427 1587 4498 ἓ.
1603 4442 1650 4498 47,
1668 4423 1720 4482 ubi
1732 4423 1821 4482 verba

504 4532 547 4568 10.
563 4505 706 4588 uidemur]
717 4507 802 4584 quasi
821 4507 925 4582 legerit
936 4509 1109 4578 νομιζόμεοα;
1164 4512 1236 4583 ἀνδρὶ
1248 4508 1467 4582 δεδοκιμασμέιῳ
1479 4507 1543 4581 παρ’
1556 4509 1647 4573 αὐτοῖς
1670 4506 1707 4564 ab
1727 4503 1820 4564 omni-

377 4624 380 4628 ·
461 4611 559 4670 neque
588 4611 623 4650 ea
652 4589 740 4650 lectio
770 4607 888 4665 prorsus
917 4587 1111 4664 despicienda
1166 4589 1220 4647 bus
1245 4607 1321 4664 quos
1338 4589 1394 4664 legi
1419 4587 1628 4663 interpretibus
1650 4598 1678 4646 et
1694 4587 1731 4646 ab
1755 4586 1821 4663 ipso

461 4685 513 4734 est.
528 4671 648 4748 Reliqui
660 4682 759 4731 tamen
775 4689 842 4728 mss.
855 4671 1013 4746 popttopo,
1030 4674 1046 4701 “
1057 4669 1113 4728 exi·
1166 4671 1253 4728 Funk
1274 4669 1364 4729 latine
1385 4680 1552 4728 vertuntur:
1578 4671 1595 4699 ‘⁴
1611 4667 1639 4725 in
1664 4667 1759 4727 virum
1783 4667 1821 4726 ab

461 4755 617 4814 stimamus
628 4755 652 4812 ''.
1167 4751 1222 4809 illis
1237 4752 1396 4828 probatum
1409 4753 1432 4810 '’.
1450 4751 1537 4810 Conl.
1555 4749 1644 4810 etiam
1659 4749 1820 4810 lectionem

515 4884 628 4926 Auecdota
637 4881 795 4923 Maredsolana.
806 4902 831 4910 -
840 4881 865 4920 T.
878 4881 909 4920 11.
