<?xml version="1.0" encoding="UTF-8"?>
<!DOCTYPE html PUBLIC "-//W3C//DTD XHTML 1.0 Transitional//EN"
    "http://www.w3.org/TR/xhtml1/DTD/xhtml1-transitional.dtd">
<html xmlns="http://www.w3.org/1999/xhtml" xml:lang="en" lang="en">
 <head>
  <title>
</title>
<meta http-equiv="Content-Type" content="text/html;charset=utf-8" />
  <meta name='ocr-system' content='tesseract 3.04.00' />
  <meta name='ocr-capabilities' content='ocr_page ocr_carea ocr_par ocr_line ocrx_word'/>
</head>
<body>
  <div class='ocr_page' id='page_1' title='image "./sancticlementis00morigoog_0088.png"; bbox 0 0 4146 5578; ppageno 0'>
   <div class='ocr_carea' id='block_1_1' title="bbox 424 496 1777 599">
    <p class='ocr_par' dir='ltr' id='par_1_1' title="bbox 424 496 1777 599">
     <span class='ocr_line' id='line_1_1' title="bbox 424 496 1777 599; baseline -0.008 -24"><span class='ocrx_word' id='word_1_1' title='bbox 424 496 480 599; x_wconf 90' lang='lat'><strong>58</strong></span> <span class='ocrx_word' id='word_1_2' title='bbox 815 562 818 568; x_wconf 83' lang='lat'><strong>.</strong></span> <span class='ocrx_word' id='word_1_3' title='bbox 851 506 1097 568; x_wconf 74' lang='lat' dir='ltr'><strong>cununnrrs</strong></span> <span class='ocrx_word' id='word_1_4' title='bbox 1121 507 1354 565; x_wconf 68' lang='lat' dir='ltr'><strong>uersatum</strong></span> <span class='ocrx_word' id='word_1_5' title='bbox 1686 503 1777 586; x_wconf 75' lang='lat' dir='ltr'><strong>[nnn</strong></span> 
     </span>
    </p>
   </div>
   <div class='ocr_carea' id='block_1_2' title="bbox 349 717 1826 3893">
    <p class='ocr_par' dir='ltr' id='par_1_2' title="bbox 349 717 1826 2225">
     <span class='ocr_line' id='line_1_2' title="bbox 349 717 1774 842; baseline -0.004 -26"><span class='ocrx_word' id='word_1_6' title='bbox 349 717 352 724; x_wconf 38' lang='lat'>¹</span> <span class='ocrx_word' id='word_1_7' title='bbox 422 733 577 816; x_wconf 91' lang='lat' dir='ltr'><strong>uolunt</strong></span> <span class='ocrx_word' id='word_1_8' title='bbox 590 732 662 842; x_wconf 81' lang='lat' dir='ltr'><strong>pie&#39;</strong></span> <span class='ocrx_word' id='word_1_9' title='bbox 679 743 720 813; x_wconf 89' lang='lat' dir='ltr'><strong>et</strong></span> <span class='ocrx_word' id='word_1_10' title='bbox 737 731 850 814; x_wconf 93' lang='lat' dir='ltr'><strong>iuste</strong></span> <span class='ocrx_word' id='word_1_11' title='bbox 868 728 1073 830; x_wconf 83' lang='lat' dir='ltr'><strong>incedere,</strong></span> <span class='ocrx_word' id='word_1_12' title='bbox 1090 729 1351 812; x_wconf 88' lang='lat' dir='ltr'><strong>sufficienter</strong></span> <span class='ocrx_word' id='word_1_13' title='bbox 1367 728 1622 839; x_wconf 81' lang='lat' dir='ltr'>scripsimus</span> <span class='ocrx_word' id='word_1_14' title='bbox 1636 728 1774 830; x_wconf 92' lang='lat' dir='ltr'><strong>uobis,</strong></span> 
     </span>
     <span class='ocr_line' id='line_1_3' title="bbox 422 867 1777 978; baseline -0.001 -25"><span class='ocrx_word' id='word_1_15' title='bbox 422 871 504 954; x_wconf 90' lang='lat' dir='ltr'><strong>uiri</strong></span> <span class='ocrx_word' id='word_1_16' title='bbox 527 870 688 952; x_wconf 79' lang='lat' dir='ltr'><strong>iratres,</strong></span> <span class='ocrx_word' id='word_1_17' title='bbox 717 868 832 951; x_wconf 92' lang='lat' dir='ltr'><strong>Nam</strong></span> <span class='ocrx_word' id='word_1_18' title='bbox 863 867 916 950; x_wconf 93' lang='lat' dir='ltr'><strong>de</strong></span> <span class='ocrx_word' id='word_1_19' title='bbox 953 867 1037 950; x_wconf 87' lang='lat' dir='ltr'><strong>fide</strong></span> <span class='ocrx_word' id='word_1_20' title='bbox 1067 880 1109 950; x_wconf 92' lang='lat' dir='ltr'><strong>et</strong></span> <span class='ocrx_word' id='word_1_21' title='bbox 1141 868 1377 978; x_wconf 84' lang='lat' dir='ltr'><strong>penitentia</strong></span> <span class='ocrx_word' id='word_1_22' title='bbox 1416 881 1458 951; x_wconf 90' lang='lat' dir='ltr'><strong>et</strong></span> <span class='ocrx_word' id='word_1_23' title='bbox 1475 867 1706 952; x_wconf 89' lang='lat' dir='ltr'><strong>sobrietate</strong></span> <span class='ocrx_word' id='word_1_24' title='bbox 1735 881 1777 952; x_wconf 94' lang='lat' dir='ltr'><strong>et</strong></span> 
     </span>
     <span class='ocr_line' id='line_1_4' title="bbox 422 1005 1776 1119; baseline -0.002 -27"><span class='ocrx_word' id='word_1_25' title='bbox 422 1007 632 1119; x_wconf 83' lang='lat' dir='ltr'><strong>pacientia</strong></span> <span class='ocrx_word' id='word_1_26' title='bbox 665 1033 840 1089; x_wconf 93' lang='lat' dir='ltr'><strong>omnem</strong></span> <span class='ocrx_word' id='word_1_27' title='bbox 881 1005 1023 1089; x_wconf 92' lang='lat' dir='ltr'><strong>locum</strong></span> <span class='ocrx_word' id='word_1_28' title='bbox 1060 1005 1355 1106; x_wconf 89' lang='lat' dir='ltr'><strong>tractauimus,</strong></span> <span class='ocrx_word' id='word_1_29' title='bbox 1388 1018 1776 1089; x_wconf 86' lang='lat' dir='ltr'><strong>commemorantes</strong></span> 
     </span>
     <span class='ocr_line' id='line_1_5' title="bbox 421 1143 1777 1254; baseline -0.001 -25"><span class='ocrx_word' id='word_1_30' title='bbox 421 1147 573 1231; x_wconf 91' lang='lat' dir='ltr'><strong>debere</strong></span> <span class='ocrx_word' id='word_1_31' title='bbox 613 1173 813 1227; x_wconf 90' lang='lat' dir='ltr'><strong>uoscum</strong></span> <span class='ocrx_word' id='word_1_32' title='bbox 851 1143 1023 1226; x_wconf 92' lang='lat' dir='ltr'><strong>iusticia</strong></span> <span class='ocrx_word' id='word_1_33' title='bbox 1062 1156 1104 1226; x_wconf 89' lang='lat' dir='ltr'><strong>et</strong></span> <span class='ocrx_word' id='word_1_34' title='bbox 1144 1144 1324 1226; x_wconf 90' lang='lat' dir='ltr'><strong>ueritate</strong></span> <span class='ocrx_word' id='word_1_35' title='bbox 1364 1154 1406 1224; x_wconf 91' lang='lat' dir='ltr'><strong>et</strong></span> <span class='ocrx_word' id='word_1_36' title='bbox 1446 1143 1777 1254; x_wconf 84' lang='lat' dir='ltr'><strong>longanimitate</strong></span> 
     </span>
     <span class='ocr_line' id='line_1_6' title="bbox 419 1280 1826 1395; baseline -0.001 -24"><span class='ocrx_word' id='word_1_37' title='bbox 419 1284 705 1395; x_wconf 88' lang='lat' dir='ltr'><strong>omnipotenti</strong></span> <span class='ocrx_word' id='word_1_38' title='bbox 749 1285 844 1365; x_wconf 91' lang='lat' dir='ltr'><strong>Deo</strong></span> <span class='ocrx_word' id='word_1_39' title='bbox 879 1294 1024 1365; x_wconf 88' lang='lat' dir='ltr'><strong>sancte</strong></span> <span class='ocrx_word' id='word_1_40' title='bbox 1064 1282 1239 1393; x_wconf 88' lang='lat' dir='ltr'><strong>placere,</strong></span> <span class='ocrx_word' id='word_1_41' title='bbox 1268 1280 1500 1364; x_wconf 88' lang='lat' dir='ltr'><strong>concordes</strong></span> <span class='ocrx_word' id='word_1_42' title='bbox 1531 1308 1630 1364; x_wconf 89' lang='lat' dir='ltr'><strong>cum</strong></span> <span class='ocrx_word' id='word_1_43' title='bbox 1671 1282 1777 1366; x_wconf 90' lang='lat' dir='ltr'><strong>dile·</strong></span> <span class='ocrx_word' id='word_1_44' title='bbox 1811 1317 1826 1370; x_wconf 82' lang='lat' dir='ltr'><strong>s</strong></span> 
     </span>
     <span class='ocr_line' id='line_1_7' title="bbox 408 1407 1775 1531; baseline -0.001 -25"><span class='ocrx_word' id='word_1_45' title='bbox 408 1407 557 1507; x_wconf 85' lang='lat' dir='ltr'><strong>¹ctione</strong></span> <span class='ocrx_word' id='word_1_46' title='bbox 592 1433 633 1505; x_wconf 88' lang='lat' dir='ltr'><strong>et</strong></span> <span class='ocrx_word' id='word_1_47' title='bbox 669 1448 781 1530; x_wconf 90' lang='lat' dir='ltr'><strong>pace,</strong></span> <span class='ocrx_word' id='word_1_48' title='bbox 821 1448 918 1502; x_wconf 87' lang='lat' dir='ltr'><strong>cum</strong></span> <span class='ocrx_word' id='word_1_49' title='bbox 953 1420 1161 1504; x_wconf 88' lang='lat' dir='ltr'><strong>instantia</strong></span> <span class='ocrx_word' id='word_1_50' title='bbox 1182 1432 1223 1503; x_wconf 92' lang='lat' dir='ltr'><strong>et</strong></span> <span class='ocrx_word' id='word_1_51' title='bbox 1245 1419 1566 1531; x_wconf 88' lang='lat' dir='ltr'><strong>tranquillitate,</strong></span> <span class='ocrx_word' id='word_1_52' title='bbox 1591 1420 1703 1504; x_wconf 93' lang='lat' dir='ltr'><strong>sicut</strong></span> <span class='ocrx_word' id='word_1_53' title='bbox 1733 1435 1775 1505; x_wconf 92' lang='lat' dir='ltr'><strong>et</strong></span> 
     </span>
     <span class='ocr_line' id='line_1_8' title="bbox 416 1559 1774 1673; baseline 0.001 -29"><span class='ocrx_word' id='word_1_54' title='bbox 416 1559 791 1673; x_wconf 88' lang='lat' dir='ltr'><strong>supramemorati</strong></span> <span class='ocrx_word' id='word_1_55' title='bbox 815 1572 958 1670; x_wconf 90' lang='lat' dir='ltr'><strong>patres</strong></span> <span class='ocrx_word' id='word_1_56' title='bbox 985 1561 1120 1644; x_wconf 90' lang='lat' dir='ltr'><strong>nostri</strong></span> <span class='ocrx_word' id='word_1_57' title='bbox 1153 1562 1405 1671; x_wconf 84' lang='lat' dir='ltr'><strong>placuerunt</strong></span> <span class='ocrx_word' id='word_1_58' title='bbox 1426 1559 1706 1644; x_wconf 92' lang='lat' dir='ltr'><strong>humiliantes</strong></span> <span class='ocrx_word' id='word_1_59' title='bbox 1729 1590 1774 1646; x_wconf 95' lang='lat' dir='ltr'><strong>se</strong></span> 
     </span>
     <span class='ocr_line' id='line_1_9' title="bbox 414 1698 1774 1809; baseline 0.004 -29"><span class='ocrx_word' id='word_1_60' title='bbox 414 1699 468 1780; x_wconf 91' lang='lat' dir='ltr'><strong>ad</strong></span> <span class='ocrx_word' id='word_1_61' title='bbox 505 1710 669 1809; x_wconf 91' lang='lat' dir='ltr'><strong>patrem</strong></span> <span class='ocrx_word' id='word_1_62' title='bbox 692 1709 734 1780; x_wconf 90' lang='lat' dir='ltr'><strong>et</strong></span> <span class='ocrx_word' id='word_1_63' title='bbox 770 1710 1004 1780; x_wconf 88' lang='lat' dir='ltr'><strong>creatorem</strong></span> <span class='ocrx_word' id='word_1_64' title='bbox 1043 1701 1187 1783; x_wconf 92' lang='lat' dir='ltr'><strong>Deum</strong></span> <span class='ocrx_word' id='word_1_65' title='bbox 1228 1711 1269 1783; x_wconf 92' lang='lat' dir='ltr'><strong>et</strong></span> <span class='ocrx_word' id='word_1_66' title='bbox 1303 1726 1455 1782; x_wconf 94' lang='lat' dir='ltr'><strong>omnes</strong></span> <span class='ocrx_word' id='word_1_67' title='bbox 1477 1698 1687 1784; x_wconf 91' lang='lat' dir='ltr'><strong>homines.</strong></span> <span class='ocrx_word' id='word_1_68' title='bbox 1715 1702 1774 1785; x_wconf 91' lang='lat' dir='ltr'><strong>Et</strong></span> 
     </span>
     <span class='ocr_line' id='line_1_10' title="bbox 416 1835 1773 1951; baseline 0.004 -32"><span class='ocrx_word' id='word_1_69' title='bbox 416 1836 507 1919; x_wconf 89' lang='lat' dir='ltr'><strong>haec</strong></span> <span class='ocrx_word' id='word_1_70' title='bbox 547 1848 668 1919; x_wconf 89' lang='lat' dir='ltr'><strong>tanto</strong></span> <span class='ocrx_word' id='word_1_71' title='bbox 704 1835 885 1919; x_wconf 89' lang='lat' dir='ltr'><strong>libenter</strong></span> <span class='ocrx_word' id='word_1_72' title='bbox 925 1836 1250 1940; x_wconf 89' lang='lat' dir='ltr'><strong>admonuimus,</strong></span> <span class='ocrx_word' id='word_1_73' title='bbox 1293 1839 1500 1951; x_wconf 91' lang='lat' dir='ltr'><strong>quoniam</strong></span> <span class='ocrx_word' id='word_1_74' title='bbox 1541 1867 1619 1950; x_wconf 89' lang='lat' dir='ltr'><strong>pro</strong></span> <span class='ocrx_word' id='word_1_75' title='bbox 1659 1853 1773 1924; x_wconf 90' lang='lat' dir='ltr'><strong>certo</strong></span> 
     </span>
     <span class='ocr_line' id='line_1_11' title="bbox 416 1975 1826 2090; baseline 0.003 -31"><span class='ocrx_word' id='word_1_76' title='bbox 416 1977 658 2059; x_wconf 87' lang='lat' dir='ltr'><strong>sciebamus</strong></span> <span class='ocrx_word' id='word_1_77' title='bbox 699 1975 882 2059; x_wconf 88' lang='lat' dir='ltr'><strong>scribere</strong></span> <span class='ocrx_word' id='word_1_78' title='bbox 921 1976 1048 2059; x_wconf 92' lang='lat' dir='ltr'><strong>uobis</strong></span> <span class='ocrx_word' id='word_1_79' title='bbox 1082 1978 1188 2060; x_wconf 91' lang='lat' dir='ltr'><strong>uiris</strong></span> <span class='ocrx_word' id='word_1_80' title='bbox 1224 1977 1426 2062; x_wconf 88' lang='lat' dir='ltr'><strong>fidelibus</strong></span> <span class='ocrx_word' id='word_1_81' title='bbox 1447 1990 1489 2061; x_wconf 91' lang='lat' dir='ltr'><strong>et</strong></span> <span class='ocrx_word' id='word_1_82' title='bbox 1517 1977 1711 2090; x_wconf 85' lang='lat' dir='ltr'><strong>probatis</strong></span> <span class='ocrx_word' id='word_1_83' title='bbox 1731 1992 1774 2063; x_wconf 94' lang='lat' dir='ltr'><strong>et</strong></span> <span class='ocrx_word' id='word_1_84' title='bbox 1797 2014 1826 2051; x_wconf 88' lang='lat'><strong>10</strong></span> 
     </span>
     <span class='ocr_line' id='line_1_12' title="bbox 416 2113 1320 2225; baseline 0.003 -28"><span class='ocrx_word' id='word_1_85' title='bbox 416 2113 746 2198; x_wconf 89' lang='lat' dir='ltr'><strong>oboedientibus</strong></span> <span class='ocrx_word' id='word_1_86' title='bbox 768 2114 954 2225; x_wconf 90' lang='lat' dir='ltr'><strong>eloquiis</strong></span> <span class='ocrx_word' id='word_1_87' title='bbox 986 2115 1193 2199; x_wconf 87' lang='lat' dir='ltr'><strong>doctrinae</strong></span> <span class='ocrx_word' id='word_1_88' title='bbox 1226 2117 1320 2200; x_wconf 92' lang='lat' dir='ltr'><strong>Dei.</strong></span> 
     </span>
    </p>

    <p class='ocr_par' dir='ltr' id='par_1_3' title="bbox 384 2252 1824 3893">
     <span class='ocr_line' id='line_1_13' title="bbox 475 2252 1773 2368; baseline 0.008 -34"><span class='ocrx_word' id='word_1_89' title='bbox 475 2252 650 2334; x_wconf 90' lang='lat' dir='ltr'>LXIII.</span> <span class='ocrx_word' id='word_1_90' title='bbox 677 2253 858 2361; x_wconf 86' lang='lat' dir='ltr'><strong>Oportet</strong></span> <span class='ocrx_word' id='word_1_91' title='bbox 891 2280 994 2365; x_wconf 83' lang='lat' dir='ltr'><strong>ergo</strong></span> <span class='ocrx_word' id='word_1_92' title='bbox 1029 2254 1190 2338; x_wconf 91' lang='lat' dir='ltr'><strong>talibus</strong></span> <span class='ocrx_word' id='word_1_93' title='bbox 1212 2268 1253 2339; x_wconf 90' lang='lat' dir='ltr'><strong>et</strong></span> <span class='ocrx_word' id='word_1_94' title='bbox 1275 2257 1407 2340; x_wconf 91' lang='lat' dir='ltr'><strong>tantis</strong></span> <span class='ocrx_word' id='word_1_95' title='bbox 1428 2259 1637 2368; x_wconf 89' lang='lat' dir='ltr'><strong>exemplis</strong></span> <span class='ocrx_word' id='word_1_96' title='bbox 1658 2288 1773 2345; x_wconf 91' lang='lat' dir='ltr'><strong>acce-</strong></span> 
     </span>
     <span class='ocr_line' id='line_1_14' title="bbox 416 2391 1770 2493; baseline 0.006 -18"><span class='ocrx_word' id='word_1_97' title='bbox 416 2393 514 2476; x_wconf 88' lang='lat' dir='ltr'><strong>dere</strong></span> <span class='ocrx_word' id='word_1_98' title='bbox 560 2420 651 2493; x_wconf 94' lang='lat' dir='ltr'><strong>uos,</strong></span> <span class='ocrx_word' id='word_1_99' title='bbox 694 2404 736 2474; x_wconf 93' lang='lat' dir='ltr'><strong>et</strong></span> <span class='ocrx_word' id='word_1_100' title='bbox 773 2391 965 2476; x_wconf 90' lang='lat' dir='ltr'><strong>subicere</strong></span> <span class='ocrx_word' id='word_1_101' title='bbox 1009 2393 1168 2478; x_wconf 91' lang='lat' dir='ltr'><strong>collum</strong></span> <span class='ocrx_word' id='word_1_102' title='bbox 1209 2407 1250 2478; x_wconf 92' lang='lat' dir='ltr'><strong>et</strong></span> <span class='ocrx_word' id='word_1_103' title='bbox 1295 2396 1580 2481; x_wconf 71' lang='lat' dir='ltr'><strong>oboedientiae</strong></span> <span class='ocrx_word' id='word_1_104' title='bbox 1627 2398 1770 2483; x_wconf 91' lang='lat' dir='ltr'><strong>locum</strong></span> 
     </span>
     <span class='ocr_line' id='line_1_15' title="bbox 415 2533 1773 2649; baseline 0.007 -34"><span class='ocrx_word' id='word_1_105' title='bbox 415 2533 639 2643; x_wconf 89' lang='lat' dir='ltr'><strong>complere,</strong></span> <span class='ocrx_word' id='word_1_106' title='bbox 682 2543 729 2613; x_wconf 92' lang='lat' dir='ltr'><strong>ut</strong></span> <span class='ocrx_word' id='word_1_107' title='bbox 770 2543 1044 2614; x_wconf 88' lang='lat' dir='ltr'><strong>cessantesa</strong></span> <span class='ocrx_word' id='word_1_108' title='bbox 1086 2561 1199 2616; x_wconf 89' lang='lat' dir='ltr'><strong>uana</strong></span> <span class='ocrx_word' id='word_1_109' title='bbox 1230 2533 1442 2618; x_wconf 92' lang='lat' dir='ltr'><strong>seditione</strong></span> <span class='ocrx_word' id='word_1_110' title='bbox 1481 2536 1536 2619; x_wconf 92' lang='lat' dir='ltr'><strong>ad</strong></span> <span class='ocrx_word' id='word_1_111' title='bbox 1577 2541 1773 2649; x_wconf 88' lang='lat' dir='ltr'><strong>proposi-</strong></span> 
     </span>
     <span class='ocr_line' id='line_1_16' title="bbox 416 2665 1824 2790; baseline 0.011 -36"><span class='ocrx_word' id='word_1_112' title='bbox 416 2686 509 2754; x_wconf 89' lang='lat' dir='ltr'><strong>tum</strong></span> <span class='ocrx_word' id='word_1_113' title='bbox 535 2666 542 2782; x_wconf 87' lang='grc' dir='ltr'>Ι</span> <span class='ocrx_word' id='word_1_114' title='bbox 569 2669 637 2752; x_wconf 82' lang='lat' dir='ltr'><strong>fol.</strong></span> <span class='ocrx_word' id='word_1_115' title='bbox 662 2690 736 2776; x_wconf 88' lang='lat'><strong>117</strong></span> <span class='ocrx_word' id='word_1_116' title='bbox 764 2665 771 2781; x_wconf 90' lang='grc' dir='ltr'>Ι</span> <span class='ocrx_word' id='word_1_117' title='bbox 798 2669 923 2752; x_wconf 94' lang='lat' dir='ltr'><strong>nobis</strong></span> <span class='ocrx_word' id='word_1_118' title='bbox 940 2699 1037 2754; x_wconf 91' lang='lat' dir='ltr'><strong>cum</strong></span> <span class='ocrx_word' id='word_1_119' title='bbox 1056 2673 1236 2756; x_wconf 90' lang='lat' dir='ltr'><strong>ueritate</strong></span> <span class='ocrx_word' id='word_1_120' title='bbox 1250 2674 1495 2784; x_wconf 89' lang='lat' dir='ltr'><strong>exemplum</strong></span> <span class='ocrx_word' id='word_1_121' title='bbox 1514 2676 1607 2759; x_wconf 92' lang='lat' dir='ltr'><strong>sine</strong></span> <span class='ocrx_word' id='word_1_122' title='bbox 1627 2678 1772 2790; x_wconf 90' lang='lat' dir='ltr'><strong>aliqua</strong></span> <span class='ocrx_word' id='word_1_123' title='bbox 1795 2713 1824 2768; x_wconf 70' lang='grc' dir='ltr'><strong>ιε</strong></span> 
     </span>
     <span class='ocr_line' id='line_1_17' title="bbox 418 2807 1772 2902; baseline 0.006 -10"><span class='ocrx_word' id='word_1_124' title='bbox 418 2809 583 2892; x_wconf 95' lang='lat' dir='ltr'><strong>macula</strong></span> <span class='ocrx_word' id='word_1_125' title='bbox 596 2807 1109 2892; x_wconf 84' lang='lat' dir='ltr'><strong>occurramusGaudium</strong></span> <span class='ocrx_word' id='word_1_126' title='bbox 1126 2810 1243 2894; x_wconf 92' lang='lat' dir='ltr'><strong>enim</strong></span> <span class='ocrx_word' id='word_1_127' title='bbox 1261 2822 1301 2894; x_wconf 94' lang='lat' dir='ltr'><strong>et</strong></span> <span class='ocrx_word' id='word_1_128' title='bbox 1317 2811 1627 2896; x_wconf 87' lang='lat' dir='ltr'><strong>exultationem</strong></span> <span class='ocrx_word' id='word_1_129' title='bbox 1646 2815 1772 2902; x_wconf 91' lang='lat' dir='ltr'><strong>nobis</strong></span> 
     </span>
     <span class='ocr_line' id='line_1_18' title="bbox 413 2946 1771 3063; baseline 0.007 -32"><span class='ocrx_word' id='word_1_130' title='bbox 413 2947 674 3059; x_wconf 91' lang='lat' dir='ltr'><strong>prestabitis,</strong></span> <span class='ocrx_word' id='word_1_131' title='bbox 720 2947 755 3029; x_wconf 93' lang='lat' dir='ltr'><strong>si</strong></span> <span class='ocrx_word' id='word_1_132' title='bbox 797 2946 1075 3032; x_wconf 88' lang='lat' dir='ltr'><strong>oboedientes</strong></span> <span class='ocrx_word' id='word_1_133' title='bbox 1116 2949 1285 3034; x_wconf 85' lang='lat' dir='ltr'><strong>fueritis</strong></span> <span class='ocrx_word' id='word_1_134' title='bbox 1321 2950 1389 3034; x_wconf 92' lang='lat' dir='ltr'><strong>his</strong></span> <span class='ocrx_word' id='word_1_135' title='bbox 1440 2980 1538 3063; x_wconf 88' lang='lat' dir='ltr'><strong>quae</strong></span> <span class='ocrx_word' id='word_1_136' title='bbox 1579 2983 1605 3037; x_wconf 90' lang='lat' dir='ltr'><strong>a</strong></span> <span class='ocrx_word' id='word_1_137' title='bbox 1645 2956 1771 3040; x_wconf 92' lang='lat' dir='ltr'><strong>nobis</strong></span> 
     </span>
     <span class='ocr_line' id='line_1_19' title="bbox 414 3088 1773 3200; baseline 0.007 -28"><span class='ocrx_word' id='word_1_138' title='bbox 414 3089 571 3200; x_wconf 90' lang='lat' dir='ltr'><strong>scripta</strong></span> <span class='ocrx_word' id='word_1_139' title='bbox 593 3099 695 3171; x_wconf 91' lang='lat' dir='ltr'><strong>sunt</strong></span> <span class='ocrx_word' id='word_1_140' title='bbox 717 3114 791 3197; x_wconf 91' lang='lat' dir='ltr'><strong>per</strong></span> <span class='ocrx_word' id='word_1_141' title='bbox 814 3088 1028 3198; x_wconf 88' lang='lat' dir='ltr'><strong>Spiritum</strong></span> <span class='ocrx_word' id='word_1_142' title='bbox 1051 3101 1263 3190; x_wconf 89' lang='lat' dir='ltr'><strong>sanctum,</strong></span> <span class='ocrx_word' id='word_1_143' title='bbox 1288 3090 1324 3172; x_wconf 93' lang='lat' dir='ltr'><strong>si</strong></span> <span class='ocrx_word' id='word_1_144' title='bbox 1345 3089 1580 3176; x_wconf 91' lang='lat' dir='ltr'><strong>abscidatis</strong></span> <span class='ocrx_word' id='word_1_145' title='bbox 1611 3093 1773 3180; x_wconf 90' lang='lat' dir='ltr'><strong>inlicite</strong></span> 
     </span>
     <span class='ocr_line' id='line_1_20' title="bbox 413 3206 1772 3329; baseline 0.004 -17"><span class='ocrx_word' id='word_1_146' title='bbox 413 3226 690 3312; x_wconf 89' lang='lat' dir='ltr'><strong>emulationis</strong></span> <span class='ocrx_word' id='word_1_147' title='bbox 713 3238 870 3309; x_wconf 87' lang='lat' dir='ltr'><strong>uestrae</strong></span> <span class='ocrx_word' id='word_1_148' title='bbox 908 3225 1187 3329; x_wconf 88' lang='lat' dir='ltr'><strong>iracundiam,</strong></span> <span class='ocrx_word' id='word_1_149' title='bbox 1212 3229 1451 3312; x_wconf 88' lang='lat' dir='ltr'><strong>secundum</strong></span> <span class='ocrx_word' id='word_1_150' title='bbox 1481 3206 1772 3319; x_wconf 87' lang='lat' dir='ltr'><strong>denuntiatio-</strong></span> 
     </span>
     <span class='ocr_line' id='line_1_21' title="bbox 415 3364 1824 3480; baseline 0.005 -30"><span class='ocrx_word' id='word_1_151' title='bbox 415 3395 513 3450; x_wconf 91' lang='lat' dir='ltr'><strong>nem</strong></span> <span class='ocrx_word' id='word_1_152' title='bbox 534 3393 665 3478; x_wconf 92' lang='lat' dir='ltr'><strong>quam</strong></span> <span class='ocrx_word' id='word_1_153' title='bbox 688 3365 868 3448; x_wconf 92' lang='lat' dir='ltr'><strong>lecimus</strong></span> <span class='ocrx_word' id='word_1_154' title='bbox 891 3364 943 3448; x_wconf 93' lang='lat' dir='ltr'><strong>de</strong></span> <span class='ocrx_word' id='word_1_155' title='bbox 981 3393 1080 3475; x_wconf 92' lang='lat' dir='ltr'><strong>pace</strong></span> <span class='ocrx_word' id='word_1_156' title='bbox 1102 3378 1143 3448; x_wconf 95' lang='lat' dir='ltr'><strong>et</strong></span> <span class='ocrx_word' id='word_1_157' title='bbox 1165 3368 1393 3450; x_wconf 88' lang='lat' dir='ltr'><strong>concordia</strong></span> <span class='ocrx_word' id='word_1_158' title='bbox 1415 3369 1459 3450; x_wconf 92' lang='lat' dir='ltr'><strong>in</strong></span> <span class='ocrx_word' id='word_1_159' title='bbox 1473 3371 1655 3480; x_wconf 91' lang='lat' dir='ltr'><strong>epistola</strong></span> <span class='ocrx_word' id='word_1_160' title='bbox 1678 3373 1766 3458; x_wconf 85' lang='lat' dir='ltr'><strong>hae.</strong></span> <span class='ocrx_word' id='word_1_161' title='bbox 1792 3408 1824 3445; x_wconf 90' lang='lat'><strong>20</strong></span> 
     </span>
     <span class='ocr_line' id='line_1_22' title="bbox 418 3502 1772 3617; baseline 0.007 -30"><span class='ocrx_word' id='word_1_162' title='bbox 418 3505 625 3588; x_wconf 89' lang='lat' dir='ltr'><strong>Misimus</strong></span> <span class='ocrx_word' id='word_1_163' title='bbox 646 3516 790 3587; x_wconf 89' lang='lat' dir='ltr'><strong>autem</strong></span> <span class='ocrx_word' id='word_1_164' title='bbox 813 3505 931 3587; x_wconf 93' lang='lat' dir='ltr'><strong>uiros</strong></span> <span class='ocrx_word' id='word_1_165' title='bbox 954 3502 1103 3586; x_wconf 89' lang='lat' dir='ltr'><strong>fideles</strong></span> <span class='ocrx_word' id='word_1_166' title='bbox 1120 3516 1161 3586; x_wconf 93' lang='lat' dir='ltr'><strong>et</strong></span> <span class='ocrx_word' id='word_1_167' title='bbox 1190 3505 1370 3605; x_wconf 92' lang='lat' dir='ltr'><strong>sobrios,</strong></span> <span class='ocrx_word' id='word_1_168' title='bbox 1395 3508 1468 3617; x_wconf 94' lang='lat' dir='ltr'><strong>qui</strong></span> <span class='ocrx_word' id='word_1_169' title='bbox 1486 3538 1512 3590; x_wconf 89' lang='lat' dir='ltr'><strong>a</strong></span> <span class='ocrx_word' id='word_1_170' title='bbox 1547 3509 1772 3597; x_wconf 91' lang='lat' dir='ltr'><strong>iuuentute</strong></span> 
     </span>
     <span class='ocr_line' id='line_1_23' title="bbox 414 3643 1774 3754; baseline 0.005 -28"><span class='ocrx_word' id='word_1_171' title='bbox 414 3643 626 3754; x_wconf 90' lang='lat' dir='ltr'><strong>usquead</strong></span> <span class='ocrx_word' id='word_1_172' title='bbox 649 3655 866 3727; x_wconf 90' lang='lat' dir='ltr'><strong>senectam</strong></span> <span class='ocrx_word' id='word_1_173' title='bbox 905 3643 998 3726; x_wconf 92' lang='lat' dir='ltr'><strong>sine</strong></span> <span class='ocrx_word' id='word_1_174' title='bbox 1033 3644 1207 3753; x_wconf 90' lang='lat' dir='ltr'><strong>querela</strong></span> <span class='ocrx_word' id='word_1_175' title='bbox 1239 3646 1482 3727; x_wconf 91' lang='lat' dir='ltr'><strong>conuersati</strong></span> <span class='ocrx_word' id='word_1_176' title='bbox 1520 3661 1622 3730; x_wconf 90' lang='lat' dir='ltr'><strong>sunt</strong></span> <span class='ocrx_word' id='word_1_177' title='bbox 1664 3650 1774 3733; x_wconf 88' lang='lat' dir='ltr'><strong>inter</strong></span> 
     </span>
     <span class='ocr_line' id='line_1_24' title="bbox 384 3783 1770 3893; baseline 0.004 -27"><span class='ocrx_word' id='word_1_178' title='bbox 384 3789 386 3792; x_wconf 79' lang='grc'><strong>’</strong></span> <span class='ocrx_word' id='word_1_179' title='bbox 413 3811 504 3886; x_wconf 87' lang='lat' dir='ltr'><strong>nos,</strong></span> <span class='ocrx_word' id='word_1_180' title='bbox 523 3784 599 3893; x_wconf 89' lang='lat' dir='ltr'><strong>qui</strong></span> <span class='ocrx_word' id='word_1_181' title='bbox 614 3783 744 3866; x_wconf 88' lang='lat' dir='ltr'><strong>etiam</strong></span> <span class='ocrx_word' id='word_1_182' title='bbox 762 3795 894 3866; x_wconf 92' lang='lat' dir='ltr'><strong>testes</strong></span> <span class='ocrx_word' id='word_1_183' title='bbox 911 3795 1037 3865; x_wconf 92' lang='lat' dir='ltr'><strong>erunt</strong></span> <span class='ocrx_word' id='word_1_184' title='bbox 1059 3783 1171 3866; x_wconf 91' lang='lat' dir='ltr'><strong>inter</strong></span> <span class='ocrx_word' id='word_1_185' title='bbox 1187 3811 1277 3866; x_wconf 90' lang='lat' dir='ltr'><strong>nos.</strong></span> <span class='ocrx_word' id='word_1_186' title='bbox 1302 3784 1399 3866; x_wconf 92' lang='lat' dir='ltr'><strong>Hoc</strong></span> <span class='ocrx_word' id='word_1_187' title='bbox 1414 3796 1559 3866; x_wconf 92' lang='lat' dir='ltr'><strong>autem</strong></span> <span class='ocrx_word' id='word_1_188' title='bbox 1578 3786 1770 3890; x_wconf 90' lang='lat' dir='ltr'><strong>lecimus,</strong></span> 
     </span>
    </p>
   </div>
   <div class='ocr_carea' id='block_1_3' title="bbox 414 3935 1802 4914">
    <p class='ocr_par' dir='ltr' id='par_1_4' title="bbox 414 3935 1802 4505">
     <span class='ocr_line' id='line_1_25' title="bbox 457 3935 1802 4020; baseline 0.002 -21"><span class='ocrx_word' id='word_1_189' title='bbox 457 3960 482 4000; x_wconf 87' lang='lat'><strong>2.</strong></span> <span class='ocrx_word' id='word_1_190' title='bbox 497 3949 525 4000; x_wconf 84' lang='lat' dir='ltr'><strong>et</strong></span> <span class='ocrx_word' id='word_1_191' title='bbox 541 3936 719 4020; x_wconf 70' lang='lat' dir='ltr'><strong>penitentia]</strong></span> <span class='ocrx_word' id='word_1_192' title='bbox 734 3941 784 4000; x_wconf 91' lang='lat' dir='ltr'><strong>Gr.</strong></span> <span class='ocrx_word' id='word_1_193' title='bbox 807 3949 836 3999; x_wconf 90' lang='lat' dir='ltr'><strong>et</strong></span> <span class='ocrx_word' id='word_1_194' title='bbox 848 3941 908 4014; x_wconf 89' lang='lat' dir='ltr'><strong>Syr.</strong></span> <span class='ocrx_word' id='word_1_195' title='bbox 925 3938 994 3998; x_wconf 89' lang='lat' dir='ltr'><strong>add.</strong></span> <span class='ocrx_word' id='word_1_196' title='bbox 1008 3941 1025 3971; x_wconf 90' lang='lat'>“</span> <span class='ocrx_word' id='word_1_197' title='bbox 1037 3949 1067 3998; x_wconf 93' lang='lat' dir='ltr'><strong>et</strong></span> <span class='ocrx_word' id='word_1_198' title='bbox 1162 3958 1206 4014; x_wconf 78' lang='lat'><strong>13.</strong></span> <span class='ocrx_word' id='word_1_199' title='bbox 1224 3935 1285 4018; x_wconf 85' lang='lat' dir='ltr'><strong>uos]</strong></span> <span class='ocrx_word' id='word_1_200' title='bbox 1306 3937 1335 3996; x_wconf 91' lang='lat' dir='ltr'><strong>in</strong></span> <span class='ocrx_word' id='word_1_201' title='bbox 1363 3942 1380 3970; x_wconf 89' lang='lat'><strong>“</strong></span> <span class='ocrx_word' id='word_1_202' title='bbox 1396 3957 1450 3998; x_wconf 92' lang='lat' dir='ltr'><strong>nos</strong></span> <span class='ocrx_word' id='word_1_203' title='bbox 1466 3941 1480 3965; x_wconf 91' lang='lat'><strong>&#39;’</strong></span> <span class='ocrx_word' id='word_1_204' title='bbox 1507 3942 1685 4000; x_wconf 87' lang='lat' dir='ltr'><strong>mutandum</strong></span> <span class='ocrx_word' id='word_1_205' title='bbox 1709 3964 1773 4006; x_wconf 90' lang='lat' dir='ltr'><strong>esse</strong></span> <span class='ocrx_word' id='word_1_206' title='bbox 1801 3999 1802 4002; x_wconf 74' lang='grc'>,</span> 
     </span>
     <span class='ocr_line' id='line_1_26' title="bbox 414 4019 1357 4096; baseline -0.006 -14"><span class='ocrx_word' id='word_1_207' title='bbox 414 4019 529 4083; x_wconf 89' lang='lat' dir='ltr'><strong>sincera</strong></span> <span class='ocrx_word' id='word_1_208' title='bbox 553 4021 674 4082; x_wconf 86' lang='lat' dir='ltr'><strong>caritate</strong></span> <span class='ocrx_word' id='word_1_209' title='bbox 695 4033 724 4081; x_wconf 92' lang='lat' dir='ltr'><strong>et</strong></span> <span class='ocrx_word' id='word_1_210' title='bbox 749 4019 934 4081; x_wconf 87' lang='lat' dir='ltr'><strong>continentia</strong></span> <span class='ocrx_word' id='word_1_211' title='bbox 948 4021 972 4092; x_wconf 90' lang='lat'><strong>&#39;’,</strong></span> <span class='ocrx_word' id='word_1_212' title='bbox 989 4038 1066 4096; x_wconf 88' lang='lat' dir='ltr'><strong>quae</strong></span> <span class='ocrx_word' id='word_1_213' title='bbox 1118 4019 1204 4080; x_wconf 84' lang='lat' dir='ltr'><strong>facile</strong></span> <span class='ocrx_word' id='word_1_214' title='bbox 1219 4019 1357 4079; x_wconf 89' lang='lat' dir='ltr'><strong>conicias.</strong></span> 
     </span>
     <span class='ocr_line' id='line_1_27' title="bbox 415 4097 1771 4181; baseline 0.001 -17"><span class='ocrx_word' id='word_1_215' title='bbox 415 4106 460 4164; x_wconf 90' lang='lat' dir='ltr'><strong>vel</strong></span> <span class='ocrx_word' id='word_1_216' title='bbox 475 4124 492 4163; x_wconf 88' lang='lat' dir='ltr'><strong>a</strong></span> <span class='ocrx_word' id='word_1_217' title='bbox 507 4103 648 4181; x_wconf 86' lang='lat' dir='ltr'><strong>scriptore</strong></span> <span class='ocrx_word' id='word_1_218' title='bbox 664 4103 753 4180; x_wconf 91' lang='lat' dir='ltr'><strong>hujus</strong></span> <span class='ocrx_word' id='word_1_219' title='bbox 774 4101 887 4162; x_wconf 89' lang='lat' dir='ltr'><strong>codicis</strong></span> <span class='ocrx_word' id='word_1_220' title='bbox 902 4113 972 4161; x_wconf 89' lang='lat' dir='ltr'><strong>sunt</strong></span> <span class='ocrx_word' id='word_1_221' title='bbox 986 4119 1067 4177; x_wconf 86' lang='lat' dir='ltr'><strong>prae·</strong></span> <span class='ocrx_word' id='word_1_222' title='bbox 1158 4097 1304 4180; x_wconf 61' lang='lat' dir='ltr'><strong>conplere]</strong></span> <span class='ocrx_word' id='word_1_223' title='bbox 1331 4102 1376 4159; x_wconf 83' lang='lat' dir='ltr'><strong>Ita</strong></span> <span class='ocrx_word' id='word_1_224' title='bbox 1404 4101 1500 4160; x_wconf 86' lang='lat' dir='ltr'><strong>codex</strong></span> <span class='ocrx_word' id='word_1_225' title='bbox 1532 4103 1688 4164; x_wconf 82' lang='lat' dir='ltr'><strong>Constant.</strong></span> <span class='ocrx_word' id='word_1_226' title='bbox 1714 4109 1771 4165; x_wconf 83' lang='grc' dir='ltr'>ἀνα-</span> 
     </span>
     <span class='ocr_line' id='line_1_28' title="bbox 414 4181 1770 4262; baseline 0 -18"><span class='ocrx_word' id='word_1_227' title='bbox 414 4185 548 4246; x_wconf 84' lang='lat' dir='ltr'><strong>termissa</strong></span> <span class='ocrx_word' id='word_1_228' title='bbox 562 4187 609 4246; x_wconf 87' lang='lat' dir='ltr'><strong>vel</strong></span> <span class='ocrx_word' id='word_1_229' title='bbox 624 4185 661 4244; x_wconf 88' lang='lat' dir='ltr'><strong>ab</strong></span> <span class='ocrx_word' id='word_1_230' title='bbox 677 4186 741 4261; x_wconf 89' lang='lat' dir='ltr'><strong>ipso</strong></span> <span class='ocrx_word' id='word_1_231' title='bbox 763 4182 939 4260; x_wconf 87' lang='lat' dir='ltr'><strong>interprete:</strong></span> <span class='ocrx_word' id='word_1_232' title='bbox 955 4182 1066 4242; x_wconf 91' lang='lat' dir='ltr'><strong>namin</strong></span> <span class='ocrx_word' id='word_1_233' title='bbox 1117 4188 1274 4259; x_wconf 78' lang='grc' dir='ltr'>πληρῶσαι;</span> <span class='ocrx_word' id='word_1_234' title='bbox 1299 4181 1434 4258; x_wconf 86' lang='lat' dir='ltr'><strong>Syriacus</strong></span> <span class='ocrx_word' id='word_1_235' title='bbox 1453 4201 1523 4243; x_wconf 89' lang='lat' dir='ltr'><strong>vero</strong></span> <span class='ocrx_word' id='word_1_236' title='bbox 1548 4189 1566 4216; x_wconf 90' lang='lat'>“</span> <span class='ocrx_word' id='word_1_237' title='bbox 1578 4185 1736 4262; x_wconf 89' lang='lat' dir='ltr'><strong>implentes</strong></span> <span class='ocrx_word' id='word_1_238' title='bbox 1747 4189 1770 4260; x_wconf 90' lang='lat'><strong>&#39;’,</strong></span> 
     </span>
     <span class='ocr_line' id='line_1_29' title="bbox 414 4262 1772 4344; baseline 0.001 -20"><span class='ocrx_word' id='word_1_239' title='bbox 414 4287 519 4343; x_wconf 83' lang='lat' dir='ltr'><strong>graeco</strong></span> <span class='ocrx_word' id='word_1_240' title='bbox 533 4286 629 4344; x_wconf 91' lang='lat' dir='ltr'><strong>aeque</strong></span> <span class='ocrx_word' id='word_1_241' title='bbox 644 4277 676 4326; x_wconf 92' lang='lat' dir='ltr'><strong>ut</strong></span> <span class='ocrx_word' id='word_1_242' title='bbox 691 4267 721 4325; x_wconf 89' lang='lat' dir='ltr'><strong>in</strong></span> <span class='ocrx_word' id='word_1_243' title='bbox 733 4265 825 4325; x_wconf 86' lang='lat' dir='ltr'><strong>latino</strong></span> <span class='ocrx_word' id='word_1_244' title='bbox 847 4265 1067 4325; x_wconf 85' lang='lat' dir='ltr'><strong>homoeoteleu-</strong></span> <span class='ocrx_word' id='word_1_245' title='bbox 1118 4262 1169 4338; x_wconf 92' lang='lat' dir='ltr'><strong>qui</strong></span> <span class='ocrx_word' id='word_1_246' title='bbox 1184 4264 1273 4323; x_wconf 88' lang='lat' dir='ltr'><strong>etiam</strong></span> <span class='ocrx_word' id='word_1_247' title='bbox 1296 4265 1376 4322; x_wconf 92' lang='lat' dir='ltr'><strong>solus</strong></span> <span class='ocrx_word' id='word_1_248' title='bbox 1399 4264 1467 4323; x_wconf 86' lang='lat' dir='ltr'><strong>add.</strong></span> <span class='ocrx_word' id='word_1_249' title='bbox 1484 4264 1694 4326; x_wconf 90' lang='lat' dir='ltr'><strong>“inclinemur</strong></span> <span class='ocrx_word' id='word_1_250' title='bbox 1716 4266 1772 4326; x_wconf 93' lang='lat' dir='ltr'><strong>illis</strong></span> 
     </span>
     <span class='ocr_line' id='line_1_30' title="bbox 415 4343 1769 4422; baseline 0 -15"><span class='ocrx_word' id='word_1_251' title='bbox 415 4363 467 4407; x_wconf 91' lang='lat' dir='ltr'><strong>ton</strong></span> <span class='ocrx_word' id='word_1_252' title='bbox 477 4347 623 4409; x_wconf 88' lang='lat' dir='ltr'><strong>invenitur</strong></span> <span class='ocrx_word' id='word_1_253' title='bbox 633 4349 814 4419; x_wconf 78' lang='grc' dir='ltr'>(μετανοίας...</span> <span class='ocrx_word' id='word_1_254' title='bbox 826 4347 989 4422; x_wconf 73' lang='grc' dir='ltr'>ἐγκρατείας,</span> <span class='ocrx_word' id='word_1_255' title='bbox 1001 4363 1067 4421; x_wconf 88' lang='lat' dir='ltr'><strong>pae-</strong></span> <span class='ocrx_word' id='word_1_256' title='bbox 1118 4343 1170 4420; x_wconf 92' lang='lat' dir='ltr'><strong>qui</strong></span> <span class='ocrx_word' id='word_1_257' title='bbox 1185 4355 1253 4403; x_wconf 91' lang='lat' dir='ltr'><strong>sunt</strong></span> <span class='ocrx_word' id='word_1_258' title='bbox 1268 4345 1361 4404; x_wconf 86' lang='lat' dir='ltr'><strong>duces</strong></span> <span class='ocrx_word' id='word_1_259' title='bbox 1377 4344 1543 4405; x_wconf 86' lang='lat' dir='ltr'><strong>animarum</strong></span> <span class='ocrx_word' id='word_1_260' title='bbox 1564 4360 1731 4408; x_wconf 89' lang='lat' dir='ltr'><strong>nostrarum</strong></span> <span class='ocrx_word' id='word_1_261' title='bbox 1746 4351 1769 4407; x_wconf 91' lang='lat'><strong>’&#39;.</strong></span> 
     </span>
     <span class='ocr_line' id='line_1_31' title="bbox 415 4423 1642 4505; baseline 0.002 -19"><span class='ocrx_word' id='word_1_262' title='bbox 415 4428 576 4490; x_wconf 87' lang='lat' dir='ltr'><strong>nitentia...</strong></span> <span class='ocrx_word' id='word_1_263' title='bbox 591 4426 797 4503; x_wconf 87' lang='lat' dir='ltr'><strong>contInentia).</strong></span> <span class='ocrx_word' id='word_1_264' title='bbox 1162 4427 1206 4484; x_wconf 91' lang='lat'><strong>18.</strong></span> <span class='ocrx_word' id='word_1_265' title='bbox 1223 4423 1342 4505; x_wconf 78' lang='lat' dir='ltr'><strong>inlicite]</strong></span> <span class='ocrx_word' id='word_1_266' title='bbox 1359 4428 1408 4485; x_wconf 65' lang='lat' dir='ltr'><strong>Gr.</strong></span> <span class='ocrx_word' id='word_1_267' title='bbox 1428 4426 1603 4486; x_wconf 87' lang='lat' dir='ltr'><strong>“inlicitam</strong></span> <span class='ocrx_word' id='word_1_268' title='bbox 1620 4431 1642 4488; x_wconf 89' lang='lat'><strong>&#39;&#39;.</strong></span> 
     </span>
    </p>

    <p class='ocr_par' dir='ltr' id='par_1_5' title="bbox 414 4500 1767 4750">
     <span class='ocr_line' id='line_1_32' title="bbox 455 4500 1767 4749; baseline -0.001 -178"><span class='ocrx_word' id='word_1_269' title='bbox 455 4528 481 4587; x_wconf 86' lang='lat'><strong>5.</strong></span> <span class='ocrx_word' id='word_1_270' title='bbox 500 4508 626 4591; x_wconf 80' lang='lat' dir='ltr'><strong>placere]</strong></span> <span class='ocrx_word' id='word_1_271' title='bbox 653 4511 700 4568; x_wconf 86' lang='lat' dir='ltr'><strong>Ita</strong></span> <span class='ocrx_word' id='word_1_272' title='bbox 729 4527 851 4585; x_wconf 90' lang='lat' dir='ltr'><strong>quoque</strong></span> <span class='ocrx_word' id='word_1_273' title='bbox 884 4500 945 4583; x_wconf 90' lang='lat' dir='ltr'><strong>Syr.</strong></span> <span class='ocrx_word' id='word_1_274' title='bbox 980 4505 1066 4566; x_wconf 91' lang='lat' dir='ltr'><strong>cuius</strong></span> <span class='ocrx_word' id='word_1_275' title='bbox 1161 4504 1327 4749; x_wconf 55' lang='grc' dir='ltr'><strong>πταῖσαι]</strong></span> <span class='ocrx_word' id='word_1_276' title='bbox 1345 4507 1494 4566; x_wconf 84' lang='lat' dir='ltr'><strong>“eriam&#39;&#39;</strong></span> <span class='ocrx_word' id='word_1_277' title='bbox 1515 4510 1584 4569; x_wconf 86' lang='lat' dir='ltr'><strong>add.</strong></span> <span class='ocrx_word' id='word_1_278' title='bbox 1602 4512 1683 4570; x_wconf 92' lang='lat' dir='ltr'><strong>solus</strong></span> <span class='ocrx_word' id='word_1_279' title='bbox 1708 4513 1767 4589; x_wconf 90' lang='lat' dir='ltr'><strong>Syr.</strong></span> 
     </span>
     <span class='ocr_line' id='line_1_33' title="bbox 414 4589 1566 4665; baseline 0 -15"><span class='ocrx_word' id='word_1_280' title='bbox 414 4592 502 4652; x_wconf 88' lang='lat' dir='ltr'><strong>lectio</strong></span> <span class='ocrx_word' id='word_1_281' title='bbox 534 4592 571 4652; x_wconf 91' lang='lat' dir='ltr'><strong>ab</strong></span> <span class='ocrx_word' id='word_1_282' title='bbox 596 4590 736 4652; x_wconf 92' lang='lat' dir='ltr'><strong>omnibus</strong></span> <span class='ocrx_word' id='word_1_283' title='bbox 762 4589 821 4649; x_wconf 88' lang='lat' dir='ltr'><strong>iarn</strong></span> <span class='ocrx_word' id='word_1_284' title='bbox 847 4599 965 4665; x_wconf 87' lang='lat' dir='ltr'><strong>recepta</strong></span> <span class='ocrx_word' id='word_1_285' title='bbox 994 4600 1063 4648; x_wconf 89' lang='lat' dir='ltr'><strong>erat.</strong></span> <span class='ocrx_word' id='word_1_286' title='bbox 1161 4607 1206 4663; x_wconf 88' lang='lat'><strong>23.</strong></span> <span class='ocrx_word' id='word_1_287' title='bbox 1222 4589 1308 4646; x_wconf 76' lang='lat' dir='ltr'><strong>elr&#39;crm</strong></span> <span class='ocrx_word' id='word_1_288' title='bbox 1343 4608 1402 4648; x_wconf 91' lang='lat' dir='ltr'><strong>om.</strong></span> <span class='ocrx_word' id='word_1_289' title='bbox 1416 4591 1497 4648; x_wconf 93' lang='lat' dir='ltr'><strong>solus</strong></span> <span class='ocrx_word' id='word_1_290' title='bbox 1516 4592 1566 4650; x_wconf 86' lang='lat' dir='ltr'><strong>Gr.</strong></span> 
     </span>
     <span class='ocr_line' id='line_1_34' title="bbox 415 4669 1306 4750; baseline -0.008 -17"><span class='ocrx_word' id='word_1_291' title='bbox 415 4675 464 4733; x_wconf 90' lang='lat' dir='ltr'><strong>Gr.</strong></span> <span class='ocrx_word' id='word_1_292' title='bbox 501 4675 672 4750; x_wconf 78' lang='grc' dir='ltr'>εὐχαριστεῖν.</span> <span class='ocrx_word' id='word_1_293' title='bbox 693 4673 738 4732; x_wconf 87' lang='lat' dir='ltr'><strong>Cf.</strong></span> <span class='ocrx_word' id='word_1_294' title='bbox 762 4689 851 4744; x_wconf 88' lang='lat' dir='ltr'><strong>supra</strong></span> <span class='ocrx_word' id='word_1_295' title='bbox 877 4689 904 4746; x_wconf 91' lang='lat' dir='ltr'><strong>p.</strong></span> <span class='ocrx_word' id='word_1_296' title='bbox 930 4689 976 4746; x_wconf 87' lang='lat'><strong>39,</strong></span> <span class='ocrx_word' id='word_1_297' title='bbox 992 4671 1009 4728; x_wconf 97' lang='lat' dir='ltr'><strong>l.</strong></span> <span class='ocrx_word' id='word_1_298' title='bbox 1037 4690 1064 4742; x_wconf 89' lang='lat'><strong>4.</strong></span> <span class='ocrx_word' id='word_1_299' title='bbox 1158 4669 1236 4726; x_wconf 85' lang='lat' dir='ltr'><strong>inter</strong></span> <span class='ocrx_word' id='word_1_300' title='bbox 1256 4689 1306 4727; x_wconf 87' lang='lat' dir='ltr'><strong>nos</strong></span> 
     </span>
    </p>

    <p class='ocr_par' dir='ltr' id='par_1_6' title="bbox 459 4751 1210 4833">
     <span class='ocr_line' id='line_1_35' title="bbox 459 4751 1210 4833; baseline -0.007 -20"><span class='ocrx_word' id='word_1_301' title='bbox 459 4775 503 4813; x_wconf 87' lang='lat'><strong>10.</strong></span> <span class='ocrx_word' id='word_1_302' title='bbox 521 4751 611 4833; x_wconf 69' lang='lat' dir='ltr'><strong>uobis]</strong></span> <span class='ocrx_word' id='word_1_303' title='bbox 627 4755 675 4813; x_wconf 89' lang='lat' dir='ltr'><strong>Gr.</strong></span> <span class='ocrx_word' id='word_1_304' title='bbox 695 4757 711 4785; x_wconf 80' lang='lat'><strong>‘⁸</strong></span> <span class='ocrx_word' id='word_1_305' title='bbox 728 4771 783 4811; x_wconf 93' lang='lat' dir='ltr'><strong>nos</strong></span> <span class='ocrx_word' id='word_1_306' title='bbox 798 4753 821 4810; x_wconf 89' lang='lat'><strong>&#39;&#39;.</strong></span> <span class='ocrx_word' id='word_1_307' title='bbox 1119 4767 1175 4808; x_wconf 90' lang='lat' dir='ltr'><strong>nos</strong></span> <span class='ocrx_word' id='word_1_308' title='bbox 1187 4751 1210 4808; x_wconf 88' lang='lat'><strong>’&#39;.</strong></span> 
     </span>
    </p>

    <p class='ocr_par' dir='ltr' id='par_1_7' title="bbox 458 4832 989 4914">
     <span class='ocr_line' id='line_1_36' title="bbox 458 4832 989 4914; baseline -0.004 -20"><span class='ocrx_word' id='word_1_309' title='bbox 458 4857 503 4895; x_wconf 84' lang='lat'><strong>12.</strong></span> <span class='ocrx_word' id='word_1_310' title='bbox 529 4832 664 4914; x_wconf 77' lang='lat' dir='ltr'><strong>accedere]</strong></span> <span class='ocrx_word' id='word_1_311' title='bbox 677 4836 727 4894; x_wconf 93' lang='lat' dir='ltr'><strong>Gr.</strong></span> <span class='ocrx_word' id='word_1_312' title='bbox 743 4838 759 4866; x_wconf 91' lang='lat'><strong>“</strong></span> <span class='ocrx_word' id='word_1_313' title='bbox 774 4834 950 4893; x_wconf 84' lang='lat' dir='ltr'><strong>accedentes</strong></span> <span class='ocrx_word' id='word_1_314' title='bbox 966 4835 989 4892; x_wconf 92' lang='lat'><strong>&#39;&#39;.</strong></span> 
     </span>
    </p>
   </div>
   <div class='ocr_carea' id='block_1_4' title="bbox 1335 4671 1771 4747">
    <p class='ocr_par' dir='ltr' id='par_1_8' title="bbox 1335 4671 1771 4747">
     <span class='ocr_line' id='line_1_37' title="bbox 1335 4671 1771 4747; baseline 0.009 -17"><span class='ocrx_word' id='word_1_315' title='bbox 1335 4671 1384 4730; x_wconf 88' lang='lat' dir='ltr'><strong>Gr.</strong></span> <span class='ocrx_word' id='word_1_316' title='bbox 1402 4682 1431 4729; x_wconf 91' lang='lat' dir='ltr'><strong>et</strong></span> <span class='ocrx_word' id='word_1_317' title='bbox 1453 4672 1513 4747; x_wconf 91' lang='lat' dir='ltr'><strong>Syr.</strong></span> <span class='ocrx_word' id='word_1_318' title='bbox 1533 4673 1639 4732; x_wconf 90' lang='lat' dir='ltr'><strong>“inter</strong></span> <span class='ocrx_word' id='word_1_319' title='bbox 1661 4695 1713 4734; x_wconf 92' lang='lat' dir='ltr'><strong>vos</strong></span> <span class='ocrx_word' id='word_1_320' title='bbox 1741 4689 1771 4734; x_wconf 86' lang='lat' dir='ltr'><strong>et</strong></span> 
     </span>
    </p>
   </div>
   <div class='ocr_carea' id='block_1_5' title="bbox 0 0 2078 5578">
    <p class='ocr_par' dir='ltr' id='par_1_9' title="bbox 0 0 2078 5578">
     <span class='ocr_line' id='line_1_38' title="bbox 0 0 2078 5578; baseline 0 0"><span class='ocrx_word' id='word_1_321' title='bbox 0 0 2078 5578; x_wconf 95' lang='lat' dir='ltr'><strong> </strong></span> 
     </span>
    </p>
   </div>
  </div>
 </body>
</html>
