4146 5578
859 527 1105 589 CLEMENTIS
1129 525 1361 586 EPISTVLAE

439 515 494 618 56

1740 521 1795 606 [rx

440 755 483 836 in
505 750 710 837 omnibus
741 747 1105 863 generationibus,
1131 747 1272 829 iustus
1302 746 1345 828 in
1369 746 1552 848 iudiciis,
1584 745 1793 831 mirabilis

439 894 481 977 in
505 893 664 975 uirtute
681 902 722 973 et
745 887 1074 1000 magnificentia,
1094 885 1267 996 sapiens
1285 885 1328 968 in
1345 884 1529 968 creando
1545 897 1587 968 et
1603 885 1793 996 prudens

439 1033 482 1114 in
504 1059 554 1114 eo
571 1042 618 1112 ut
635 1056 733 1139 quae
750 1028 979 1110 factasunt
996 1023 1201 1124 stabilias,
1222 1023 1364 1107 bonus
1382 1025 1424 1106 in
1441 1023 1509 1107 his
1531 1051 1629 1135 quae
1645 1024 1793 1108 uiden-

440 1181 510 1250 tur
544 1179 586 1250 et
623 1165 772 1248 suauis
810 1164 852 1245 in
889 1189 963 1246 eos
998 1161 1072 1271 qui
1110 1160 1333 1244 confidunt
1375 1162 1418 1244 in
1456 1175 1507 1262 te,
1552 1162 1794 1246 misericors

439 1305 675 1402 miserator,
700 1302 871 1386 dimitte
897 1299 1023 1382 nobis
1051 1296 1056 1412 l
1083 1299 1107 1382 i.
1133 1302 1227 1382 116v
1253 1298 1258 1412 1
1287 1288 1537 1412 iniquitates
1568 1313 1608 1384 et
1624 1303 1794 1384 iniusti·
1831 1335 1843 1388 s

437 1445 523 1527 cias
545 1456 586 1526 et
616 1453 787 1553 peccata
802 1452 844 1522 et
875 1438 1039 1522 delicta.
1069 1439 1170 1521 Noli
1194 1439 1406 1549 imputare
1427 1467 1556 1523 omne
1574 1453 1793 1552 peccatum

438 1608 663 1668 seruorum
686 1592 859 1662 tuorum
890 1590 932 1659 et
956 1577 1209 1661 ancillarum
1228 1608 1235 1678 ;
1258 1577 1332 1660 sed
1348 1579 1525 1688 purifica
1547 1607 1626 1662 nos
1648 1581 1795 1690 purifi-

439 1716 605 1806 catione
627 1731 714 1801 tuae
737 1717 943 1817 ueritatis,
962 1728 1004 1799 et
1025 1715 1163 1827 dirige
1183 1743 1362 1825 gressus
1377 1730 1549 1802 nostros
1572 1718 1614 1801 in
1639 1720 1795 1802 sancti·

438 1873 523 1943 tate
545 1856 686 1940 cordis
704 1853 874 1966 ingredi
908 1866 949 1936 et
986 1853 1118 1936 facere
1140 1853 1254 1935 bona
1275 1867 1316 1936 et
1337 1856 1491 1965 placita
1526 1885 1669 1940 coram
1692 1870 1733 1942 te
1753 1870 1795 1942 et

439 2025 581 2081 coram
605 1995 818 2106 principes
841 2005 1024 2076 nostros.
1053 1994 1130 2092 lta,
1158 1991 1358 2093 Domine,
1390 1993 1590 2076 illumina
1622 1995 1847 2079 uultum10

440 2153 564 2222 tuum
587 2162 716 2248 super
739 2160 817 2216 nos
841 2133 884 2214 in
907 2133 1022 2216 bono
1042 2158 1140 2213 cum
1164 2119 1285 2240 pace;¹
1303 2143 1350 2213 ut
1364 2145 1642 2244 protegamur
1664 2161 1795 2217 manu

439 2291 514 2360 tua
531 2275 629 2358 sorti
644 2286 686 2357 et
703 2272 935 2382 eripiamur
947 2270 1002 2353 ab
1015 2269 1320 2380 omnipeccato
1334 2269 1508 2353 brachio
1522 2283 1598 2354 tuo
1614 2273 1794 2374 excelso,

440 2429 481 2499 et
503 2415 617 2523 eripe
640 2439 719 2494 nos
741 2411 794 2492 ab
808 2409 1057 2492 odientibus
1080 2437 1159 2492 nos
1182 2409 1352 2494 iniuste.
1380 2411 1449 2492 Da
1469 2412 1741 2494 concordiam
1756 2423 1797 2494 et

428 2580 588 2665 ¹pacem
605 2549 730 2632 nobis
744 2561 786 2631 et
806 2548 1012 2631 omnibus
1029 2546 1326 2628 habitantibus
1349 2574 1478 2656 super
1503 2559 1670 2652 terram,
1688 2551 1799 2633 sicut

442 2690 599 2777 dedisti
622 2689 817 2800 patribus
852 2688 1025 2788 nostris,
1065 2686 1370 2769 inuocantibus
1392 2687 1478 2770 illis
1500 2700 1540 2771 te
1576 2702 1721 2772 sancte
1755 2691 1798 2772 in
1821 2721 1849 2774 ιε
1945 2667 1946 2670 .

442 2833 525 2916 fide
546 2843 587 2913 et
609 2829 799 2927 ueritate,
823 2827 1100 2910 oboedientes
1128 2826 1262 2908 factos
1284 2825 1598 2936 omniapotenti
1621 2840 1664 2919 etj
1684 2828 1801 2910 miri-

444 2973 522 3054 lico
551 2966 716 3050 nomini
740 2978 827 3066 tu0,
859 2963 1126 3076 principibus
1147 2963 1278 3047 etiam
1312 2976 1353 3047 et
1375 2964 1560 3047 ducibus
1596 2967 1670 3076 qui
1699 2979 1801 3049 sunt

444 3136 572 3220 super
585 3120 752 3190 terram.
1880 3083 1885 3092 ¹

488 3387 510 3425 r.
533 3359 690 3442 rm'rabilis]
725 3363 793 3422 cod.
832 3366 849 3393 “
875 3361 1049 3422 miserabilis
1071 3363 1094 3421 ’'.

444 3447 490 3510 Cf.
508 3467 535 3524 p.
550 3449 598 3518 46,
614 3445 632 3504 l.
653 3447 696 3502 18.

487 3549 511 3604 3.
531 3530 562 3587 in
577 3527 624 3585 his
637 3544 699 3601 qua
717 3521 866 3606 uitiantur]
882 3526 1033 3586 Servanda
1052 3535 1096 3584 est

447 3611 542 3687 igitur,
559 3607 602 3667 uri
618 3605 731 3683 optime
747 3606 820 3666 vidit
837 3609 998 3684 Lighrfoot,
1015 3608 1097 3666 codi-

444 3693 487 3751 cis
502 3693 605 3752 Const.
623 3687 712 3748 lectio
727 3691 882 3763 ὁρωμένοις,
899 3689 948 3748 cui
964 3688 1097 3764 plerique

444 3793 461 3834 e
477 3769 634 3834 Germanis
643 3769 772 3829 editores
788 3767 903 3829 aliialia
918 3769 1097 3829 substituere

444 3861 636 3915 tentaverant.

486 3965 512 4018 4.
530 3936 643 4019 suaur's]
667 3938 825 4002 Consentit
849 3942 911 4018 Syr.
936 3944 953 3972 “
977 3939 1057 4000 mitis
1082 3942 1097 3968 ’'

447 4033 602 4102 (επρᾷοςῗ)
633 4025 668 4081 In
697 4022 815 4082 Graeco
843 4034 944 4082 tamen
972 4021 1098 4082 habetur

445 4109 546 4174 πιστός,
577 4117 607 4163 et
632 4104 707 4163 haec
736 4104 825 4163 lectio
855 4103 946 4179 magis
975 4122 1045 4162 cum
1074 4123 1095 4162 S.

445 4183 590 4262 scriptura
628 4186 792 4245 concordat
818 4186 866 4264 (ci.
899 4188 988 4246 Dent.
1017 4202 1031 4260 7
1070 4205 1098 4260 9..

446 4269 493 4325 Ps.
522 4283 587 4340 144,
604 4265 661 4344 14),
673 4267 726 4327 sed
742 4285 778 4326 eo
790 4266 855 4344 ipso
865 4278 1003 4343 suspecta
1017 4277 1070 4327 est.

487 4345 656 4428 misericors]
673 4352 690 4380 “
710 4359 739 4409 et
754 4350 768 4375 '²
791 4349 860 4408 add.
877 4349 967 4409 codd.
992 4349 1095 4409 Const.

445 4440 474 4489 et
489 4430 548 4506 Syr.

488 4528 514 4587 5.
540 4507 719 4592 iniquitates]
742 4515 889 4572 “nostras
909 4514 924 4541 '²
949 4513 1018 4573 add.
1045 4515 1095 4574 Gr.

490 4609 515 4667 7.
526 4591 668 4674 purifica]
691 4595 737 4652 lta
752 4613 873 4670 quoque
888 4596 986 4672 Syrus,
1012 4595 1097 4655 culus

446 4674 537 4733 lectio
563 4674 744 4735 doctissimis
781 4674 848 4734 viris
881 4676 1036 4754 Lightloot
1068 4690 1097 4738 et

448 4757 473 4814 F
475 4755 534 4813 nnlr
547 4757 696 4832 probatur.
714 4759 764 4817 Gr.
791 4767 923 4835 καθαιρεῖς.

487 4846 514 4905 8.
543 4845 576 4904 in
606 4842 770 4927 sanctitate]
796 4844 904 4906 Inserit
928 4847 989 4924 Syr.
1021 4850 1039 4880 ·‘
1070 4857 1100 4908 et

1149 3360 1179 3418 in
1209 3360 1320 3420 iustitia
1342 3373 1372 3421 et
1400 3362 1431 3420 in
1468 3361 1657 3438 simplicitate
1682 3363 1706 3434 ”,
1724 3381 1802 3440 qnae

1148 3441 1228 3502 idern
1243 3443 1394 3520 Lightloot
1405 3455 1525 3520 propter
1535 3444 1802 3505 homoeoteleuton

1149 3526 1309 3593 (ὁσιότητι...
1331 3527 1472 3594 ἁπλότητι)
1497 3525 1607 3586 omissa
1632 3525 1662 3584 in
1685 3527 1802 3587 Graeco

1150 3623 1216 3664 esse
1231 3603 1387 3664 existimat.

1191 3706 1217 3760 9.
1241 3705 1336 3744 corum
1345 3687 1491 3764 principes
1514 3687 1636 3770 nostros]
1654 3691 1701 3750 De
1723 3709 1802 3767 prae-

1151 3766 1299 3842 positione
1316 3771 1333 3798 “
1345 3788 1446 3828 coram
1462 3771 1477 3796 ''
1488 3789 1558 3830 cum
1573 3771 1743 3832 accusativo
1763 3772 1800 3830 cl.

1150 3849 1302 3922 Roensch,
1316 3850 1352 3910 It.
1368 3861 1398 3911 et
1412 3852 1499 3929 Vulg.
1516 3873 1543 3930 p.
1557 3873 1626 3930 409.

1194 3955 1237 4016 15.
1248 3943 1477 4011 sanctet=tatu<t
1489 3945 1699 4018 om.Const.,et
1708 3946 1803 4006 codex

1150 4022 1295 4098 Syriacus,
1327 4020 1356 4079 in
1385 4042 1446 4098 quo
1476 4023 1590 4102 legitur,
1624 4045 1684 4085 non
1721 4037 1802 4087 tanta

1150 4102 1326 4162 auctoritate
1354 4105 1435 4180 apud
1462 4104 1614 4184 Liglrtfoot
1642 4109 1800 4186 gaudebat,

1150 4196 1181 4244 ut
1197 4183 1276 4257 istud
1294 4184 1468 4245 adverbium
1484 4187 1514 4247 in
1530 4199 1642 4250 textum
1664 4201 1745 4250 certo
1761 4189 1802 4249 in-

1150 4266 1309 4326 serendum
1333 4278 1418 4326 esset.
1447 4269 1511 4328 Iam
1541 4289 1611 4331 vero
1634 4271 1671 4331 de
1694 4272 1802 4332 haere

1149 4346 1276 4410 dubium
1291 4345 1339 4407 vix
1353 4348 1441 4408 alicui
1456 4369 1521 4410 esse
1532 4361 1638 4429 potest.

1205 4447 1248 4504 ¹7·
1259 4431 1537 4507 praeparantium
1553 4431 1622 4513 ete]
1636 4434 1801 4495 Confirmat

1150 4513 1247 4572 codex
1270 4523 1371 4571 noster
1388 4512 1543 4573 clarissimi
1563 4515 1716 4592 Lightloot
1738 4535 1801 4576 sen·

1151 4593 1284 4666 tentiam,
1309 4591 1360 4670 qui
1386 4592 1498 4670 primus
1516 4597 1591 4656 haec
1616 4597 1705 4658 verba
1730 4617 1801 4657 cum

1150 4674 1399 4752 praecedentibus
1423 4676 1634 4756 coniungenda
1659 4698 1724 4740 esse
1741 4698 1803 4758 per-

1151 4757 1253 4834 spexit.
