4146 5578
409 475 484 556 ·16
851 489 1098 550 cinnnnris
1121 488 1355 548 EPISTVLAE
1413 509 1419 516 .
1719 485 1786 570 [xv1

432 713 577 794 minus
612 707 767 790 ihesus
804 707 1004 817 Xpistu5,
1054 735 1140 789 non
1187 707 1306 789 uenit
1342 734 1440 789 cum
1481 736 1590 790 sono
1633 709 1786 820 gloriae

432 878 506 933 nec
541 875 639 931 curn
674 844 887 956 superbia,
925 845 1129 955 quamuis
1166 858 1344 956 poterat,
1384 845 1460 929 sed
1510 874 1608 929 cuni
1644 847 1786 929 hunri-

429 989 559 1086 litate,
597 983 819 1096 quomodo
860 983 1053 1092 Spiritus
1105 996 1281 1066 sanctus
1314 1011 1391 1093 pro
1418 1012 1469 1066 eo
1505 985 1675 1067 locutus
1706 1001 1781 1069 est.
1877 961 1881 966 Α

432 1128 555 1210 Dixit
576 1127 723 1209 eninr:
764 1123 958 1223 Dannine,
995 1122 1094 1230 qais
1114 1123 1301 1204 credidit
1316 1123 1497 1204 anaitni
1515 1129 1660 1206 nastna
1685 1123 1709 1206 i
1743 1131 1787 1206 et

429 1266 654 1350 bnacninrn
688 1262 872 1345 Dann'ni
908 1261 982 1344 eni
1000 1259 1242 1343 nenelatnin
1258 1267 1323 1344 est
1343 1261 1367 1344 ,2
1393 1262 1787 1346 Adiinna‘anirnns
1823 1305 1836 1358 ς

428 1431 573 1487 aanain
596 1404 686 1512 ipsa
706 1433 720 1484 .·
751 1407 979 1508 tarnqnain
1013 1399 1158 1482 naa'in·
1179 1400 1223 1481 in
1256 1406 1377 1482 tenna
1397 1401 1571 1483 sitienti
1582 1435 1599 1498 ‚·
1619 1430 1701 1484 nan
1722 1409 1788 1485 est

429 1544 471 1626 ei
475 1543 624 1652 facies
665 1569 739 1624 nea
758 1540 923 1636 leaenam
955 1545 998 1622 et
1019 1540 1212 1621 nidnnns
1233 1541 1380 1646 itinn„
1407 1545 1451 1622 et
1489 1568 1570 1622 nan
1603 1542 1789 1624 trahebat

429 1682 609 1791 speciein
629 1708 704 1763 nec
724 1681 924 1778 a'eeanenn,
947 1680 1027 1760 sea'
1042 1682 1241 1786 aspectas
1260 1679 1352 1760 eins
1364 1678 1565 1775 deficiens
1584 1685 1627 1788 et
1647 1681 1788 1788 a'efan-
1838 1768 1841 1778 ,

432 1822 515 1903 inis
549 1825 660 1929 prae
681 1821 838 1928 sanna
878 1819 1112 1901 naininnin.
1152 1819 1298 1900 Herna
1338 1818 1384 1900 in
1408 1820 1548 1927 plaga
1570 1825 1614 1900 et
1632 1819 1784 1920 datare,

430 1962 568 2043 sciens
594 1959 726 2067 fenne
772 1959 1081 2066 infinnitatern
1098 1989 1114 2051 ,·
1151 1957 1258 2063 qnia
1305 1962 1515 2038 anensata
1551 1963 1616 2038 est
1641 1957 1790 2065 facies
1811 1994 1840 2029 10

431 2097 534 2196 einr,
545 2095 797 2204 fastidiam
813 2101 878 2177 est
898 2101 941 2176 et
960 2098 1118 2202 spreta.
1158 2094 1252 2175 Hie
1268 2098 1452 2202 peecata
1469 2101 1619 2177 nastna
1630 2101 1790 2204 pentat

432 2238 475 2314 et
503 2237 691 2342 prepter
728 2223 813 2314 nas¹
842 2231 985 2314 dalet:
1024 2236 1068 2312 et
1101 2257 1175 2313 nas
1185 2233 1454 2340 pataninens
1473 2260 1561 2314 esse
1581 2234 1706 2315 illane
1744 2233 1787 2314 in

432 2372 572 2454 a'alane
592 2372 784 2480 etplaga
800 2376 844 2452 et
865 2370 1104 2452 nenatian'e.
1124 2370 1193 2450 Et
1213 2370 1303 2478 ipse
1317 2369 1577 2452 ‘nnlnenatns
1611 2377 1676 2452 est
1685 2376 1790 2480 pea-

425 2513 533 2618 pten
541 2512 726 2616 peecata
743 2513 905 2608 nastna,
929 2513 972 2588 et
997 2505 1003 2617 Ι
1031 2508 1099 2589 sol.
1120 2511 1196 2590 108
1224 2504 1229 2618 Ι
1256 2509 1512 2616 i'nfinnatns
1531 2515 1596 2590 est
1606 2515 1794 2619 prepter

432 2646 766 2755 iniqniqnitates
782 2651 963 2727 nastnas
975 2646 1190 2728 Daetnina
1197 2647 1327 2755 pacis
1342 2653 1500 2729 nastnee
1516 2647 1562 2728 in
1575 2676 1631 2747 ea,
1648 2650 1789 2760 plaga
1813 2693 1840 2746 15

434 2786 555 2868 illins
566 2784 721 2866 sanati
732 2811 882 2865 snrnns
895 2811 979 2866 nar.
1002 2786 1159 2867 Ornnes
1172 2790 1399 2894 tainqnann
1413 2813 1512 2868 anes
1527 2787 1788 2887 ennaniinns,

432 2927 555 3009 noina
576 2953 603 3006 a
625 2927 701 3008 nia
729 2951 810 3005 sna
845 2924 1038 3018 ennanit,·
1052 2929 1095 3005 et
1121 2924 1339 3006 Darninns
1360 2925 1552 3006 tradidit
1582 2953 1679 3006 enin
1705 2931 1792 3034 pne

423 3069 619 3178 peccatis
653 3069 826 3165 nastris,
849 3071 892 3148 et
921 3067 1009 3175 ipse
1033 3070 1220 3174 pnapten
1250 3067 1672 3150 analetnactatianern
1707 3096 1791 3151 nan

433 3210 610 3319 apennit
636 3237 689 3293 as,
723 3211 764 3290 T
760 3235 967 3317 aenqnain
988 3209 1082 3291 anis
1114 3208 1179 3289 aa'
1202 3210 1448 3293 aea'sianein
1470 3211 1626 3292 diaetas
1654 3216 1729 3311 est,
1749 3217 1791 3292 et

434 3358 647 3462 tanquam
674 3367 816 3460 agnas
831 3357 935 3434 ante
950 3379 1048 3434 enni
1069 3352 1147 3459 qni
1163 3379 1207 3433 se
1228 3351 1421 3434 tonderet
1442 3358 1602 3451 inntnS,
1626 3352 1687 3434 sic
1708 3380 1790 3435 nan
1812 3402 1844 3437 20

433 3495 609 3604 apernit
637 3522 690 3577 aa.
716 3496 771 3575 ln
805 3522 886 3575 sna
921 3494 1176 3575 nninilitate
1204 3493 1413 3576 indieinin
1444 3494 1536 3575 eins
1570 3495 1792 3577 snblatnin

433 3643 506 3719 est.
535 3637 861 3720 Generatianein
896 3637 988 3717 eins
1023 3637 1121 3744 qais
1154 3636 1421 3718 enainanit?
1440 3637 1545 3744 qnia
1567 3637 1742 3718 tallitnn
1766 3666 1793 3719 a

434 3787 557 3862 tenna
581 3780 679 3861 nita
702 3780 831 3861 illins
857 3781 1044 3887 Propter
1063 3777 1321 3885 iniquitates
1332 3779 1491 3886 pannii
1517 3779 1603 3860 inei
1621 3778 1795 3862 etenenit

436 3919 481 4000 in
503 3924 692 4001 inantein.
717 3919 786 3999 Et
798 3918 906 3999 naba
937 3917 1074 3998 inalas
1084 3920 1170 4024 pne
1199 3916 1427 4025 sepnltnna
1447 3917 1549 4015 eins,
1569 3924 1612 3998 et
1631 3917 1793 4000 dinites

432 4063 511 4167 pra
541 4062 677 4139 inante
697 4057 818 4138 illins
832 4087 847 4136 .·
870 4056 975 4163 qnia
1007 4054 1288 4162 iniqnitatein
1309 4083 1392 4136 nan
1420 4056 1548 4163 feeit,
1572 4083 1645 4137 nee
1666 4056 1790 4138 deins
1814 4093 1846 4145 25

436 4197 641 4279 innentns
673 4201 738 4276 est
773 4195 919 4283 inane
952 4193 1053 4276 eins.
1078 4194 1147 4275 Et
1182 4193 1359 4275 Darnin
1298 4220 1408 4274 inns
1432 4194 1530 4274 nnlt
1555 4195 1792 4276 einnndane

477 4407 502 4457 4.
528 4381 633 4463 Dixit]
650 4385 722 4443 Gr
726 4381 858 4442 ‘dicit’t
877 4384 914 4441 Is
940 4399 986 4457 53,
1013 4401 1087 4440 r·12
1142 4381 1287 4437 ἐκλεῖπον.

478 4471 504 4525 6.
534 4486 630 4525 caram
654 4461 774 4544 ipsa]
760 4489 796 4529 ως
815 4466 919 4521 παιίνδο
911 4463 1089 4539 interpres
1186 4482 1230 4537 19.
1240 4482 1284 4520 21
1297 4458 1426 4541 apernit]
1442 4464 1514 4522 Gr
1519 4461 1645 4544 ‘aperit''
1662 4461 1786 4539 (ἀνοίγει)

439 4546 641 4626 praetermisit,
658 4559 708 4605 aut
725 4545 867 4605 librarius
1184 4564 1229 4601 21
1249 4540 1342 4622 as]u
1310 4553 1391 4601 αυῡω
1377 4544 1490 4603 addit
1506 4545 1567 4615 Gr
1587 4546 1669 4619 quod
1688 4563 1793 4634 prono·

481 4649 506 4705 7.
523 4650 580 4688 nan
595 4629 716 4687 habebat
728 4623 854 4706 speciant]
872 4627 943 4685 Erat
958 4625 1088 4702 primunr
1142 4643 1210 4683 rnen
1228 4624 1373 4683 Latinus
1367 4637 1510 4701 interpres
1525 4636 1554 4684 et
1570 4627 1659 4701 Syrus
1686 4623 1794 4699 pariter

440 4718 457 4744 “
472 4710 678 4787 nonspeciern
695 4711 824 4768 habebat
839 4711 862 4765 ²².
1140 4724 1209 4764 curn
1225 4707 1251 4762 ἐν
1262 4714 1296 4782 τῇ
1307 4708 1464 4763 ταπεινώσει
1474 4705 1668 4783 coniungunt.

482 4796 507 4852 8.
533 4793 660 4868 deficiens
683 4799 711 4849 et
732 4793 765 4848 de
778 4786 879 4869 arinr's]
908 4792 958 4849 Gr.
983 4790 1086 4860 ἄτιμον,
1184 4807 1227 4846 22.
1245 4783 1411 4866 enarranti]
1434 4791 1496 4864 tege
1514 4792 1530 4818 “
1546 4787 1696 4847 enarrabit
1711 4788 1734 4844 ''.
