4146 5578
453 481 547 563 xvm]
884 488 1040 549 VERSIO
1064 490 1381 564 ANTIQVISSIMA.
1414 495 1415 498 ’
1761 499 1811 580 19

455 730 662 813 maguam
680 707 1021 791 misem'candiam
1040 713 1223 808 tuamet
1235 712 1469 795 seeundum
1483 712 1810 795 multitudinem
1837 747 1842 757 ·

422 917 427 924 .
456 843 761 927 enisem'cendia
782 850 869 928 tua
889 846 980 928 dele
991 852 1221 956 peccatum
1240 876 1392 932 meum.
1418 850 1572 959 Magis
1589 851 1812 959 magisque

454 983 555 1065 laba
577 1010 643 1064 me
663 985 717 1066 ab
738 984 964 1068 iniustitia
998 1013 1104 1088 mea,
1127 991 1171 1068 et
1191 1014 1218 1068 a
1230 992 1410 1096 peecata
1430 1016 1520 1071 mea
1540 990 1704 1071 munda
1726 1004 1813 1086 me,-

454 1123 560 1230 quia
581 1123 863 1232 iniquitatem
885 1152 1024 1208 meam
1045 1153 1119 1234 ega
1139 1153 1345 1234 cognosce,
1369 1133 1413 1210 et
1423 1131 1654 1236 peceatum
1670 1155 1810 1211 meum

404 1287 417 1340 s
453 1268 605 1345 centua
641 1291 706 1346 me
740 1269 806 1346 est
838 1269 1014 1373 semper.
1045 1264 1146 1347 Tibi
1162 1265 1245 1348 sali
1253 1265 1447 1373 peccaui,
1475 1267 1598 1348 Deus
1617 1293 1747 1368 meus,
1769 1271 1813 1348 et

455 1401 622 1510 malum
654 1429 799 1484 eanum
820 1408 863 1484 te
869 1403 976 1510 feci,
1001 1408 1052 1485 ut
1072 1402 1326 1512 iustificeris
1356 1404 1401 1484 iu
1422 1405 1688 1486 semuanibus
1708 1405 1808 1502 tuis,

453 1543 497 1621 et
517 1539 668 1622 uineas
688 1568 785 1623 eum
807 1541 1030 1624 iudicaris.
1050 1543 1165 1624 Ecce
1183 1542 1298 1655 enim
1319 1542 1364 1623 iu
1386 1542 1698 1650 iniquitatibus
1717 1570 1812 1626 cou-

454 1683 601 1787 eeptus
620 1705 728 1780 sum,
751 1685 795 1762 et
816 1682 860 1763 in
882 1679 1052 1762 delictis
1083 1681 1272 1790 concepit
1305 1708 1372 1763 me
1407 1687 1551 1763 maten
1569 1709 1673 1765 mea.
1699 1682 1746 1762 E
1747 1709 1813 1765 ece

454 1818 569 1900 enim
590 1821 824 1902 ueritatem
844 1819 1062 1902 dilexisti:
1098 1821 1264 1902 incentu
1285 1824 1328 1902 et
1347 1821 1513 1903 occulta
1538 1820 1700 1902 salutis
1720 1848 1812 1903 ma-

406 1988 435 2024 10
454 1955 683 2064 uifestasti
697 1957 874 2041 milu'A
878 1963 1056 2067 sparges
1072 1986 1138 2040 me
1150 1963 1293 2068 ysopa,
1307 1963 1350 2039 et
1365 1958 1626 2041 mundabam
1641 1959 1814 2042 lauabis

454 2122 531 2195 me,
554 2101 598 2178 et
616 2101 748 2206 susten
766 2096 911 2178 niuem
932 2097 1168 2182 dealbabor.
1207 2099 1259 2178 A
1266 2097 1415 2179 uditui
1448 2124 1537 2180 mea
1557 2098 1683 2180 dabis
1700 2125 1813 2206 gau-

456 2234 577 2316 dium
598 2239 642 2316 et
673 2233 891 2336 latieiam,
930 2237 1194 2319 exultabunt
1220 2264 1316 2320 assa
1351 2236 1602 2321 humiliata.
1637 2239 1815 2320 Auente

442 2372 618 2481 ¹faeiem
639 2378 764 2456 tuam
785 2402 813 2456 a
824 2378 1020 2484 peccatis
1052 2377 1168 2477 meis,
1191 2382 1235 2459 et
1253 2396 1397 2459 amnes
1418 2377 1676 2485 iniquitates
1695 2404 1815 2460 meas

456 2511 556 2594 dele.
583 2513 670 2594 Can
687 2513 898 2595 muudum
919 2541 1017 2595 enea
1051 2513 1097 2596 iu
1118 2541 1185 2596 me
1201 2515 1333 2617 Deus,
1357 2521 1400 2598 et
1418 2506 1628 2625 spin‘tum
1650 2521 1814 2599 metum

409 2672 436 2726 ιε
458 2651 619 2734 iuuaua
641 2651 686 2732 iu
708 2651 945 2734 uisceribus
979 2653 1093 2736 meis.
1133 2654 1206 2735 Ne
1231 2655 1429 2762 pmieias
1450 2681 1516 2737 me
1536 2683 1564 2736 a
1572 2654 1699 2763 faeie
1719 2660 1810 2753 tua,

455 2797 499 2873 et
517 2790 725 2900 spiritum
745 2797 946 2873 sanctum
968 2797 1094 2873 tuum
1115 2819 1166 2874 ue
1186 2792 1368 2900 aufhnas
1388 2821 1415 2874 a
1437 2820 1512 2875 me.
1537 2793 1684 2875 Redde
1704 2793 1815 2874 nu'tei

456 2930 662 3013 luticiam
697 2931 913 3012 salutaris
948 2932 1026 3043 tui,
1064 2936 1108 3012 et
1140 2931 1304 3039 spim‘tu
1330 2932 1576 3040 pmiuipali
1603 2932 1813 3040 confirma

457 3099 531 3153 me.
553 3072 742 3152 Damam
764 3070 934 3178 iniquas
961 3052 1060 3151 uias
1076 3075 1189 3169 tuas,
1213 3075 1257 3150 et
1277 3070 1404 3179 impii
1424 3071 1487 3151 ad
1508 3075 1549 3151 te
1568 3075 1814 3152 eauuenteu-

354 3195 356 3199 ⁵
457 3215 542 3292 tun.
563 3209 724 3290 Libeia
741 3234 807 3289 me
826 3208 877 3289 de
896 3209 1193 3316 sanguinibus,
1213 3210 1344 3307 Deus,
1368 3211 1489 3290 Deus
1508 3209 1670 3290 salutis
1685 3236 1788 3290 mea
1800 3239 1814 3290 .·

407 3375 439 3410 20
456 3346 675 3430 exultabit
708 3345 861 3453 lingua
894 3373 989 3428 mea
1025 3347 1246 3429 iusticiam
1283 3351 1417 3426 tuam.
1460 3345 1654 3446 Domine,
1694 3345 1812 3426 labia

458 3512 552 3568 mea
587 3483 764 3592 aperies,
801 3488 845 3564 et
878 3511 924 3565 as
958 3511 1100 3568 meum
1135 3484 1429 3596 adnuneiauit
1462 3458 1635 3566 laudem
1672 3489 1808 3567 tuam.

333 3684 334 3687 s
457 3621 676 3730 Quoniam
696 3621 738 3702 si
756 3621 962 3704 uoluisses
981 3622 1261 3732 suem‘fieium,
1285 3621 1493 3704 dedissem
1511 3623 1679 3732 utique:
1700 3623 1814 3705 itala-

501 3876 1107 3959 3.labana]scripsi.Cod.“labiamea”.
1163 3887 1181 3916 “
1196 3883 1339 3943 exultabit
1354 3884 1368 3910 ''
1405 3881 1491 3942 facile
1520 3882 1651 3942 conicias
1686 3902 1729 3942 ex.
1762 3885 1812 3944 Gr.

460 3967 571 4024 Iterum
589 3962 663 4020 infra
678 3960 832 4020 betacisrni
853 3960 956 4022 vitium
988 3974 1111 4040 apparet
1163 3967 1358 4039 ἀγαλλιάσεται.
1389 3965 1528 4041 Apriore
1558 3977 1659 4024 tamen
1684 3963 1814 4024 lectione

459 4049 473 4120 ἓ
487 4065 526 4118 44
541 4047 560 4076 “
576 4041 699 4102 imbidia
714 4043 737 4100 ''.
1163 4044 1318 4104 discedere
1343 4045 1434 4117 nolui,
1460 4046 1573 4122 quippe
1598 4065 1675 4122 quae
1690 4045 1814 4120 antiqua

502 4145 529 4204 5.
546 4127 628 4184 Deus
643 4119 731 4203 niens]
748 4123 852 4200 reliqui
869 4145 935 4184 mss
949 4145 1007 4184 om.
1164 4144 1228 4184 esse
1243 4125 1389 4185 videatur:
1408 4147 1506 4202 neque
1522 4127 1602 4186 enim
1618 4147 1683 4187 eam
1708 4129 1746 4187 ab
1762 4129 1813 4187 ho-

503 4229 527 4284 9.
545 4203 661 4285 salutis]
675 4208 720 4263 Ita
735 4207 842 4278 codex3
852 4207 901 4266 Gr.
921 4206 1110 4284 “sapientiae
1163 4207 1243 4266 mine
1264 4208 1374 4266 saeculi
1394 4207 1545 4268 undecimi
1570 4209 1698 4286 primum
1720 4211 1814 4286 prola-

461 4302 529 4349 tuae
545 4293 566 4347 ’'.
608 4291 749 4346 Attamen
779 4289 869 4364 Syrus
897 4307 1020 4365 quoque
1049 4306 1108 4346 om.
1163 4298 1223 4348 tam
1240 4307 1305 4348 esse
1318 4289 1491 4364 putaverim.
1595 4333 1597 4337 -

463 4377 479 4403 “
491 4382 559 4430 tuae
569 4373 592 4428 ''.
1205 4389 1301 4430 20·21.
1317 4371 1396 4429 labia
1422 4391 1519 4429 mea...
1535 4379 1617 4431 etms
1638 4369 1743 4452 meum]
1768 4376 1814 4432 Ita

506 4473 548 4510 10.
568 4447 725 4530 Asparges]
748 4449 846 4509 Litera
861 4470 874 4507 e
889 4461 992 4526 postea
1008 4449 1110 4511 addita
1162 4452 1258 4510 codex
1270 4453 1329 4528 Syr.
1344 4471 1413 4510 cum
1430 4454 1523 4511 Hebr.
1538 4466 1567 4512 et
1585 4457 1681 4512 LXX:
1699 4455 1727 4511 in
1743 4457 1811 4513 cod.

462 4545 514 4605 est,
528 4545 560 4592 ut
575 4535 721 4610 legeretur
733 4536 750 4564 “
766 4551 911 4608 aspaerges
923 4535 945 4590 ’'.
1164 4534 1322 4609 Alexandr„
1348 4534 1504 4593 verborum
1531 4537 1606 4594 ordo
1630 4549 1814 4611 permutatus

456 4611 458 4616 ’
506 4617 548 4674 18.
563 4610 870 4694 dauam]=“docebo
881 4614 1110 4685 '’.Cf.Roensch,
1164 4626 1216 4674 est.

462 4717 489 4774 p.
509 4717 574 4772 290.
1207 4716 1251 4754 21.
1268 4693 1470 4776 adnunciavit]
1486 4717 1504 4756 n
1518 4717 1571 4773 pro
1585 4699 1609 4757 b.

519 4799 563 4837 20.
600 4773 754 4855 exaltabit]
790 4775 987 4838 Scribendum
1024 4777 1113 4838 fuisse
