4146 5578
415 522 442 600 6
838 538 1086 597 crunaurrs
1110 539 1341 597 nrrsryrna
1739 537 1769 618 [v

415 758 567 868 fugari,
605 771 646 840 et
683 756 896 866 usque'in
932 759 1186 840 seruitutem
1223 759 1435 845 deuenire.
1471 763 1599 844 chus
1632 761 1771 872 coegit

419 897 603 1005 Moysen
640 896 788 1007 sugere
822 923 847 974 a
883 894 988 976 facie
1025 895 1264 978 Pharaonis
1299 897 1412 1008 regis
1446 899 1630 1008 AEgipti,
1672 923 1771 982 cum

327 1051 330 1057 '
417 1035 587 1117 audiuit
607 1063 632 1116 a
654 1033 913 1116 cumtribule
935 1061 1031 1116 suo:
1069 1035 1181 1139 Quis
1213 1041 1254 1117 te
1285 1034 1773 1145 constz‘tmrprmcipem

417 1179 499 1256 ortt
519 1173 703 1256 iudicem
726 1177 858 1282 super
882 1171 993 1253 nos?
1007 1178 1090 1253 out
1109 1173 1294 1255 occidere
1314 1199 1381 1254 me
1411 1178 1459 1254 tu
1481 1181 1550 1256 ms
1569 1174 1773 1281 quemod—
1797 1213 1802 1219 ·

418 1313 590 1394 modum
629 1311 825 1394 occidisti
861 1311 1064 1390 desterno
1118 1311 1188 1392 die
1228 1311 1538 1421 AEgr‘ptr‘um?
1595 1314 1774 1422 Propter
1809 1353 1822 1406 5

417 1451 556 1533 zelum
593 1452 740 1532 Aaron
777 1461 817 1531 et
853 1447 994 1528 Maria
1026 1459 1145 1528 extra
1180 1461 1318 1530 castra
1354 1445 1618 1532 manserunt.
1645 1451 1773 1532 Zelus

420 1589 592 1670 Dathan
627 1601 667 1668 et
703 1586 869 1669 Abiron
904 1610 1001 1667 cum
1039 1584 1325 1667 tabernaculis
1357 1587 1485 1670 uiuos
1516 1587 1694 1670 deduxit
1718 1588 1773 1670 ad

418 1728 588 1828 inferos
624 1727 727 1836 quia
759 1727 1073 1810 contenderunt
1109 1736 1257 1806 contra
1289 1724 1459 1808 fidelem
1484 1725 1565 1807 Dei
1598 1751 1773 1806 seruum

421 1865 617 1974 Moysen.
660 1866 838 1973 Propter
873 1865 1012 1946 zelum
1039 1863 1184 1945 Dauid
1208 1862 1358 1944 habuit
1392 1863 1603 1945 inuidiam
1642 1890 1774 1944 nona

418 2001 621 2084 fratribus
643 2015 825 2104 tanturn,
845 2003 919 2085 sed
942 2003 1071 2084 etiam
1086 2031 1111 2085 a
1129 2003 1234 2086 Saul
1255 2029 1352 2114 rege
1371 2000 1547 2103 Israhel,
1585 2002 1659 2112 qui
1682 2030 1774 2120 per-
1796 2045 1826 2080 10

419 2153 592 2222 secutus
614 2153 678 2222 cst
699 2168 809 2225 eum.

473 2281 525 2362 V.
545 2278 631 2362 Sed
656 2291 703 2360 ut
724 2279 915 2389 priorum
937 2279 1132 2387 exempla
1149 2277 1345 2361 desinam
1361 2279 1525 2380 referre,
1547 2280 1774 2362 ueniamus

417 2418 471 2500 ad
495 2419 624 2500 huius
647 2419 853 2527 temporis
871 2418 944 2528 qui
969 2417 1140 2499 fuerunt
1163 2416 1333 2518 adletae;
1358 2443 1583 2499 sumamus
1599 2445 1775 2528 genera-

418 2557 550 2640 tionis
583 2569 742 2639 nostrae
764 2556 890 2638 sortia
911 2555 1115 2664 exempla.
1143 2557 1323 2664 Propter
1343 2555 1482 2638 zelum
1500 2568 1542 2638 et
1564 2556 1774 2638 inuidiam

418 2697 618 2778 maxima:
643 2707 684 2778 et
715 2694 965 2776 fortissimae
996 2695 1209 2775 columnae
1241 2695 1580 2802 persecutionem
1617 2692 1826 2778 habuc-1⁵

301 2890 303 2892 -
417 2847 529 2934 runt,
553 2847 753 2945 etusque
774 2832 828 2914 ad
852 2843 1033 2914 mortem
1056 2843 1237 2924 certatae
1260 2845 1372 2918 sunt.
1408 2834 1647 2917 Sumamus
1678 2847 1777 2916 ante

417 2973 565 3055 oculos
589 2985 760 3054 nostros
782 2971 920 3053 bonos
953 2981 994 3052 et
1031 2969 1163 3053 fortes
1195 2972 1441 3081 apostolos:
1480 2975 1668 3072 Petrum,
1702 2974 1775 3083 qui

420 3123 593 3222 propter
615 3111 754 3194 zelum
778 3111 944 3219 iniqum
975 3134 1060 3189 non
1086 3135 1236 3208 unum,
1262 3137 1348 3191 non
1381 3110 1504 3212 duos,
1536 3111 1609 3194 sed
1633 3111 1776 3220 plures

419 3277 574 3360 passus
597 3261 661 3332 est
683 3249 862 3347 labores,
887 3247 1011 3329 etsie
1048 3247 1240 3328 martirio
1266 3231 1569 3330 consummato
1604 3249 1710 3331 abiit
1733 3250 1776 3332 in

420 3389 559 3471 locum
581 3389 743 3499 gloriae,
769 3389 843 3497 qui
866 3388 903 3470 ei
926 3387 1171 3469 debebatur.
1193 3388 1373 3495 Propter
1389 3387 1528 3468 zelum
1547 3398 1587 3468 et
1604 3400 1777 3469 conten·
1797 3412 1829 3446 ²0

420 3527 581 3608 tionem
607 3526 768 3608 Paulus
791 3525 1010 3634 patientiae
1042 3523 1242 3605 brauium
1265 3524 1467 3626 ostendit,
1493 3525 1650 3632 septies
1683 3525 1778 3606 uin·
1810 3550 1812 3555 ·

418 3665 513 3746 cula
535 3691 702 3772 passus,
727 3665 915 3774 fugatus,
936 3661 1164 3772 lapidatus,
1190 3689 1314 3772 preco
1332 3662 1469 3744 sactus
1493 3663 1535 3743 in
1553 3663 1715 3744 oriente
1736 3675 1778 3744 et

460 3880 486 3934 3.
503 3857 566 3940 suo]
579 3879 638 3920 om.
652 3862 702 3920 Gr.
994 3876 995 3879 ’
1165 3861 1221 3933 qui
1225 3869 1390 3934 persecutus
1401 3868 1443 3918 est
1455 3857 1531 3940 eum]
1547 3863 1597 3920 Gr.
1612 3864 1630 3892 “
1646 3879 1778 3936 persecu·

463 3941 537 4015 Quis
548 3938 652 4022 tecto]
670 3943 763 4000 Exod.
785 3962 809 4014 2,
828 3962 870 4013 14.
1125 3939 1236 4000 tionem
1253 3941 1392 4000 sustinuit
1406 3944 1429 4000 ³³.

454 4020 630 4102 prr'ucz'pem]
655 4025 701 4081 Ita
723 4024 825 4082 Const.
843 4024 903 4098 Syr.
923 4034 950 4080 et
968 4023 1072 4094 l.XX;
1168 4042 1211 4098 13.
1229 4021 1342 4103 adletoe]
1360 4026 1406 4082 Ita
1422 4025 1525 4083 codex.
1747 4076 1749 4080 ,

424 4105 642 4164 Alexandrinus
670 4108 686 4135 “
703 4104 843 4162 arbitrum
857 4106 872 4132 ''
887 4105 1008 4179 (κριτήν).
1030 4154 1031 4158 ,
1168 4122 1211 4178 15.
1229 4101 1494 4184 ruaximae]scripsi.
1507 4103 1777 4178 Cod.“maxirne'';

467 4206 492 4257 4.
521 4195 576 4244 aut
589 4183 720 4265 radicem]
746 4187 847 4246 Const.
865 4187 926 4263 Syr.
944 4195 973 4242 et
988 4186 1071 4242 LXX
1125 4186 1172 4242 Gr.
1192 4187 1313 4258 ,μέγιστοι

420 4271 437 4300 “
454 4280 482 4325 et
498 4270 521 4328 ²⁷.
1154 4265 1341 4346 sordissima]
1364 4267 1487 4343 Optima
1509 4286 1581 4326 sane
1600 4267 1699 4340 lectio,
1723 4266 1778 4326 etsi

461 4365 486 4421 7.
517 4369 579 4407 cum
604 4345 810 4428 tabernaculis]
847 4346 952 4423 reliqui
978 4347 1067 4406 codd.
1122 4345 1150 4402 in
1175 4348 1281 4405 Graeco
1295 4347 1403 4422 pariter
1428 4361 1457 4406 et
1483 4352 1541 4425 Syr.
1570 4347 1676 4424 legitur
1706 4347 1779 4406 “iu-

418 4449 476 4487 om.
1121 4427 1291 4487 stissimue'’
1308 4428 1319 4506 (
1335 4430 1517 4506 δικαιότατοι).
1531 4431 1577 4487 An
1591 4439 1691 4488 noster
1706 4435 1778 4487 δυνα-

460 4513 485 4570 8,
494 4509 624 4592 fidelem]
640 4511 773 4570 similiter
790 4532 848 4572 om.
866 4513 916 4571 Gr.
934 4521 961 4568 et
983 4511 1045 4585 Syr.
1119 4511 1256 4566 τώτατοιΡ
1535 4566 1540 4577 ,

461 4611 485 4666 9.
500 4614 518 4650 a
526 4589 689 4672 fratribus]
706 4595 755 4652 Gr.
770 4597 821 4650 ὑπὸ
834 4601 886 4650 τῶν
900 4594 1066 4667 ἀλλοφύλων.
1166 4594 1209 4649 16.
1221 4589 1434 4670 certataesnnt]
1446 4592 1777 4670 Deponensproactivo

419 4675 545 4733 Latinus
569 4685 669 4733 noster
695 4673 764 4750 legit
781 4678 910 4748 ἀδελφῶν,
927 4674 1019 4733 timeo
1039 4683 1071 4732 ut
1123 4673 1156 4728 cf.
1177 4673 1328 4744 Roensch‚
1346 4693 1371 4748 p.
1387 4692 1453 4747 302.

418 4766 504 4816 recte.
1171 4771 1214 4827 17.
1231 4751 1370 4834 etsortes]
1386 4773 1445 4812 om.
1463 4755 1512 4814 Gr.
1530 4766 1559 4813 et
1575 4755 1635 4830 Syr.

464 4860 507 4898 ιο.
526 4858 587 4916 rege
600 4834 734 4917 Israhel]
744 4857 802 4896 orn.
817 4836 921 4910 Const.
1172 4839 1216 4894 18.
1230 4832 1355 4915 r'm'qum]
1372 4837 1418 4894 Ita
1433 4837 1501 4895 cod.
