4146 5578
425 434 513 517 xttv]
850 447 1007 508 VERSIO
1029 447 1347 524 ANTIQVISSIMA.
1726 456 1774 536 41

427 659 642 763 naculum,
678 662 872 775 signauit
907 667 1050 751 claues
1087 669 1288 753 similiter
1319 681 1362 753 et
1398 669 1556 780 uirgas
1594 681 1636 752 et
1673 670 1782 755 dixit

427 795 529 880 illis:
554 799 651 882 Uiri
675 802 838 904 fratres,
877 806 1087 917 cuiusque
1119 808 1258 891 tribus
1287 808 1412 920 uirga
1440 807 1644 909 floruerit,
1674 808 1813 892 hanc.

424 935 553 1048 elegit
588 938 710 1024 Deus
739 941 782 1024 in
816 944 1116 1053 pontificatum
1148 945 1366 1029 deseruire
1396 946 1468 1029 illi.
1500 946 1615 1028 Luce
1635 959 1780 1029 autem

424 1086 518 1157 orta
538 1080 794 1163 conuocauit
823 1109 997 1165 ornnem
1022 1083 1213 1169 Israhel.
1234 1109 1292 1168 nc
1314 1153 1321 1169 .
1348 1084 1469 1167 milia
1501 1085 1707 1186 uirorum,
1740 1097 1782 1168 et

392 1214 617 1299 sostendit
650 1217 919 1329 principibus
941 1221 1147 1324 tribuum,
1183 1235 1225 1306 et
1255 1225 1424 1334 aperuit
1453 1223 1780 1308 tabernaculum

426 1354 677 1458 testimonii,
701 1370 743 1441 et
760 1361 941 1469 protulit
963 1361 1127 1472 uirgas:
1151 1374 1192 1444 et
1215 1362 1394 1446 inuenta
1409 1376 1475 1446 est
1489 1364 1614 1475 uirga
1633 1364 1780 1447 Aaron

427 1519 512 1578 non
531 1506 701 1579 tantum
717 1497 881 1602 florida,
902 1499 1036 1583 sedet
1058 1500 1245 1584 fructum
1267 1497 1443 1584 habens,
1470 1501 1779 1612 Quid'putati5‚

426 1629 603 1716 fratres?
627 1635 728 1717 Non
755 1636 922 1721 ,sciebat
947 1638 1125 1748 Moyses
1148 1637 1228 1722 hoc
1250 1637 1364 1722 fieri?
1389 1639 1581 1722 Maxime
1602 1639 1781 1724 sciebat:

427 1770 501 1853 sed
525 1797 578 1855 ne
594 1772 810 1858 discordia
831 1755 950 1860 fieret
972 1777 1016 1860 in
1041 1775 1218 1878 Israhel,
1243 1778 1305 1862 sic
1322 1778 1432 1879 lecit,
1457 1790 1505 1862 ut
1526 1778 1783 1862 honorifica-

378 1939 408 1976 10
427 1921 544 1992 retur
565 1939 722 1996 nomen
745 1915 834 1998 ueri
857 1927 899 1999 et
916 1917 991 2000 uni
1016 1917 1111 2001 :cui
1134 1915 1273 2000 honor
1295 1917 1338 1999 in
1361 1917 1505 2002 secula
1521 1917 1778 2002 seculorum.

427 2049 580 2134 Amen.

485 2191 648 2276 XLIV.
676 2196 735 2277 Et
753 2194 940 2304 apostoli
963 2196 1100 2278 nostri
1123 2196 1312 2279 scierunt
1329 2208 1403 2306 per
1422 2195 1664 2279 Dominum
1683 2223 1784 2280 nos·
1809 2188 1813 2197 ’

322 2341 324 2345 ‘
428 2341 542 2412 trum
579 2330 756 2416 lhesum
784 2332 1007 2444 Xpistum,
1041 2335 1144 2444 quia
1165 2334 1385 2419 contentio
1406 2335 1486 2418 erit
1508 2362 1586 2446 pro
1609 2335 1784 2418 nomine

426 2480 501 2551 aut
532 2469 793 2581 episcopatu.
822 2473 1003 2582 Propter
1023 2472 1132 2555 hanc
1153 2501 1342 2574 caus-arn,
1373 2473 1646 2584 prudentiam
1678 2473 1785 2557 acci-

379 2637 407 2690 u
428 2606 594 2716 pientes
605 2620 854 2719 perpetuam
870 2624 1199 2720 praeposuerunt
1210 2611 1308 2695 illos
1319 2612 1652 2723 supradictoset
1668 2623 1787 2722 posta

429 2746 607 2829 modum
630 2747 768 2860 legem
786 2749 1009 2849 dederunt,
1027 2761 1074 2833 ut
1091 2750 1126 2833 si
1145 2749 1411 2850 dormierint,
1432 2750 1672 2862 suscipiant
1700 2750 1781 2833 uiri

427 2885 499 2967 alii
523 2888 689 2996 probati
728 2887 1018 2972 ministerium
1039 2916 1201 2972 eorum.
1239 2889 1379 3000 igitur
1400 2889 1498 2972 illos
1519 2889 1782 2972 constitutos

428 3023 482 3106 ab
505 3025 591 3107 illis
613 3025 681 3108 uel
704 3025 985 3136 postmodum
1018 3055 1043 3108 a
1075 3026 1340 3137 quidusdam
1369 3027 1475 3109 uiris
1496 3027 1661 3109 ornatis
1684 3054 1784 3109 con-

429 3163 642 3246 sentiente
674 3163 867 3248 aecclesia
898 3192 1038 3264 omne,
1078 3177 1119 3247 et
1152 3165 1451 3247 ministrantes
1485 3164 1578 3246 sine
1609 3164 1786 3274 querela

281 3383 288 3400 ,
378 3335 411 3371 20
427 3303 548 3414 gregi
572 3302 735 3386 Christi
758 3331 855 3386 curn
879 3302 1124 3386 humilitate
1159 3314 1200 3385 et
1237 3303 1375 3403 tacite,
1406 3303 1499 3385 sine
1526 3301 1719 3402 imbidia,
1742 3314 1791 3404 et,

472 3485 496 3523 1.
522 3473 550 3523 et
573 3463 686 3546 m‘rgas]
712 3468 889 3528 Consonant
914 3466 1003 3526 codd.
1026 3468 1076 3527 Gr.
1174 3486 1217 3540 14.
1255 3461 1430 3545 accipientes]
1463 3463 1565 3541 scripsi
1611 3462 1691 3523 iuxta
1734 3464 1784 3524 Gr.

429 3551 473 3604 καὶ
486 3549 611 3628 ῥάβδουςε
629 3547 773 3624 potiorem
786 3558 887 3609 tannen
898 3567 963 3608 esse
978 3547 1079 3609 lectio·
1130 3548 1283 3624 εὶληφότεςς
1307 3547 1412 3608 Codex
1431 3549 1449 3578 ⁴‘
1470 3544 1618 3622 accipient
1643 3543 1670 3604 ei
1696 3545 1719 3604 ''.
1738 3545 1784 3606 Cf.

429 3646 498 3688 nern
510 3628 576 3688 cod.
601 3630 661 3705 Syr.
680 3633 698 3662 “
712 3640 741 3689 et
754 3630 856 3690 fores”
872 3629 1026 3708 Lightfoot
1049 3641 1078 3690 et
1130 3628 1232 3688 adnot.
1255 3628 1317 3689 crit.
1335 3628 1417 3705 adp.
1436 3647 1483 3701 20,
1499 3629 1517 3687 l.
1538 3630 1581 3686 18.

430 3709 517 3768 Funk
532 3708 710 3770 existimant.
1174 3726 1217 3786 15.
1234 3706 1419 3789 perpetuam]
1436 3710 1486 3770 Gr.
1514 3709 1624 3766 τελείαν.
1648 3705 1665 3766 i.
1683 3727 1708 3768 e.
1724 3723 1787 3786 per·

472 3808 497 3867 5.
528 3788 669 3871 tribuum]
706 3793 788 3852 Alex.
818 3804 846 3853 et
873 3794 976 3854 Const.
1007 3793 1076 3854 add.
1130 3790 1247 3864 rectam,
1264 3803 1296 3851 ut
1312 3810 1376 3870 pag.
1390 3810 1451 3868 seq.
1466 3789 1515 3849 lin.
1530 3807 1556 3865 5.

432 3876 449 3904 “
464 3872 559 3949 sigilla
573 3874 599 3948 ”3
614 3893 673 3934 ont.
690 3875 750 3950 Syr.
1178 3873 1242 3932 illos
1256 3869 1445 3952 supradictos]
1459 3873 1505 3934 cf.
1518 3890 1544 3948 p.
1560 3891 1607 3947 39,
1624 3871 1641 3928 l.
1662 3890 1706 3930 10.
1752 3903 1755 3908 ·

474 3971 498 4028 7.
505 3951 633 4034 floralia]
650 3957 699 4016 Gr.
719 3958 737 3988 “
751 3955 921 4034 germinans
932 3957 955 4028 '’,
974 3962 1084 4032 βεβλασ-
1180 3957 1225 4013 16.
1254 3956 1339 4031 legem
1368 3950 1521 4033 dederunt]
1554 3952 1649 4011 Haud
1682 3969 1786 4029 parurn

430 4045 535 4105 τηκυῑα.
1136 4036 1279 4109 conseret,
1299 4047 1331 4096 ut
1357 4034 1448 4107 vides,
1466 4034 1590 4095 Latinus
1606 4044 1706 4094 noster
1718 4053 1787 4093 con·

472 4119 498 4175 8.
530 4135 596 4193 sqq.
621 4119 668 4178 De
693 4129 791 4179 vetere
821 4117 964 4192 versione,
990 4118 1083 4178 itnmo
1135 4117 1283 4177 troversiis
1308 4119 1347 4178 de
1375 4115 1593 4195 significatione
1631 4113 1787 4176 insolentis

432 4197 602 4275 paraphrasi
617 4198 707 4260 latina
720 4200 808 4277 hujus
820 4200 888 4275 loci,
901 4220 990 4279 quarn
1006 4203 1033 4278 J.
1047 4202 1081 4260 B.
1134 4197 1215 4258 verbi
1231 4200 1357 4270 ἐπινομήν
1382 4198 1545 4276 aliquando
1570 4195 1726 4256 liniendis·
1740 4198 1786 4258 Cl.

432 4279 512 4339 Pitra
537 4279 567 4340 in
591 4280 750 4359 Spicilegio
775 4281 956 4343 Solesmensi
970 4281 1081 4355 edidit,
1120 4277 1289 4356 ,Lightloot
1305 4280 1347 4354 II,
1367 4285 1439 4356 13²3
1465 4281 1552 4340 Funk
1569 4281 1593 4352 1,
1606 4298 1633 4356 p.
1654 4281 1719 4352 116,
1731 4289 1787 4339 etc.

432 4359 501 4421 vide
515 4360 555 4421 sis
569 4381 605 4422 ea
619 4381 697 4440 quae
721 4362 751 4422 in
772 4361 897 4424 huiusce
922 4362 1082 4424 voluminis
1179 4379 1222 4436 17.
1240 4356 1316 4440 illos]
1340 4363 1512 4422 Pronomen
1527 4360 1593 4421 vice
1615 4359 1741 4433 articuli,
1757 4371 1790 4420 ut
1887 4379 1889 4384 ·

432 4441 617 4519 praefatione
632 4443 765 4505 disserui.
1087 4459 1091 4473 ‘
1135 4444 1320 4520 supral15.

477 4544 520 4584 10.
538 4522 671 4604 uni]-·“
682 4525 769 4586 unius
779 4528 806 4601 ”3
818 4529 878 4604 Syr.
895 4525 1084 4600 add.“Dei’';
1179 4545 1224 4584 20.
1242 4521 1373 4606 iatbidia]
1390 4528 1499 4585 Postea
1514 4523 1618 4584 timide
1641 4533 1788 4584 mutatum

433 4607 537 4667 Const.
556 4611 573 4639 ‘⁸
586 4606 712 4668 Domini
723 4609 747 4668 ”.
1136 4617 1180 4667 est
1196 4605 1226 4665 in
1244 4610 1261 4637 “
1277 4605 1400 4668 imvidia
1412 4609 1436 4665 '’.
1450 4607 1498 4668 ct·
1511 4611 1528 4638 “
1540 4605 1618 4666 labia
1633 4624 1701 4666 mea
1711 4607 1728 4645 l'
1737 4623 1791 4683 pro

478 4707 521 4764 13.
539 4689 652 4748 nornine
668 4697 723 4747 aut
738 4687 910 4770 episcopatu]
933 4692 983 4750 Gr.
1002 4694 1020 4721 “
1035 4699 1105 4750 no·'
1137 4689 1232 4748 “lava
1248 4707 1296 4748 me
1311 4691 1327 4718 ”
1342 4708 1369 4765 p.
1389 4709 1434 4764 19,
1451 4689 1472 4748 l.=
1489 4707 1515 4764 3.
1628 4717 1631 4722 ·
1676 4719 1677 4724 .
1712 4717 1715 4724 ¹

434 4767 515 4830 mine
529 4769 719 4848 episcopatus
730 4774 754 4830 ''.

484 4900 762 4944 AnecdotaMaredsolana.
773 4903 833 4943 —T.
846 4902 878 4943 ΙΙ.
1706 4899 1718 4938 ⁶
