4146 5578
451 523 504 607 72
647 518 1032 591 ORTHOGRAPfflCA,
1058 521 1215 582 LEXICA
1239 524 1293 582 ET
1315 526 1621 591 GRAMMATICA.

450 739 471 800 p
487 717 602 781 addita
614 739 625 780 .·
640 715 838 798 dampnauit
870 716 915 792 18,
932 729 968 794 7;
984 714 1101 796 damp·
1146 715 1309 795 positivus
1327 731 1390 800 pro
1416 725 1633 804 comparativo
1646 746 1658 790 .·
1680 720 1805 792 brinum

494 806 664 869 nationem
683 821 732 879 22,
753 821 798 884 13.
1196 806 1284 868 enim
1310 806 1438 871 homini
1464 811 1612 880 confiteri
1702 837 1804 898 quam

450 891 605 975 pacificus
621 912 692 954 curn
707 891 820 954 dativo
833 914 844 954 :
869 888 1027 972 pacificae
1040 889 1101 953 tibi
1197 893 1350 978 indurare
1366 916 1422 958 cor
1433 899 1486 975 48,
1499 917 1516 978 3
1533 907 1648 977 ;ta'nto
1665 902 1805 968 libenter

494 989 590 1042 erunt
609 993 657 1059 52,
676 995 703 1043 2.
1254 983 1413 1062 quoniam
1433 987 1481 1064 58,
1498 1003 1526 1064 9.
1674 1041 1677 1048 ,

375 1133 378 1141 ,
450 1069 654 1150 paenitentia
670 1065 736 1148 (53,
753 1065 914 1146 23;alibi
928 1065 1100 1147 poeniten·
1152 1068 1321 1149 postulare
1351 1091 1422 1133 cam
1451 1073 1567 1154 infla:
1598 1077 1805 1156 postulemus

492 1156 538 1219 tia
554 1169 602 1235 53,
620 1172 677 1234 19;
693 1153 777 1218 alibi
790 1153 974 1236 penitentia
987 1154 1035 1232 58,
1053 1151 1100 1233 2):
1196 1156 1319 1219 remitti
1346 1158 1441 1220 nobis
1464 1175 1514 1238 47,
1537 1175 1572 1240 17
1589 1184 1595 1239 ;
1622 1165 1806 1243 postulauit

491 1245 582 1306 omni
609 1243 679 1304 orbi
697 1253 856 1306 terrarum
881 1240 1100 1322 penitentiam
1255 1244 1378 1307 dimitti
1395 1266 1430 1307 se
1451 1247 1541 1310 abire
1560 1253 1675 1327 50,16.

492 1331 604 1394 intulit
622 1331 650 1406 8,
667 1345 695 1410 7.
1153 1341 1272 1411 potens
1284 1352 1356 1394 aaron
1367 1332 1487 1414 infinit.
1499 1345 1618 1416 potens
1631 1339 1804 1402 scientiam

441 1417 681 1500 paraphrasis:
708 1415 881 1499 aequalem
907 1426 939 1478 et
956 1415 1098 1478 similem
1196 1419 1324 1480 edicere
1340 1433 1391 1498 45,
1412 1421 1457 1483 16.

493 1523 543 1585 23,
560 1508 578 1568 8
595 1525 602 1582 ;
618 1506 717 1567 corde
733 1525 817 1586 puro
838 1514 871 1566 et
890 1503 1101 1585 ,cogitatione
1153 1506 1383 1586 praedicabilis
1401 1525 1428 1583 2,
1450 1526 1473 1571 1.

491 1596 618 1656 sincera
630 1609 679 1670 23,
699 1610 732 1654 11
753 1614 759 1668 ;
777 1601 873 1653 uocat
890 1600 924 1653 et
950 1590 1101 1653 hortatur
1152 1602 1330 1673 praetereo
1339 1594 1452 1670 fatur.
1471 1598 1649 1676 preterient
1667 1615 1716 1679 27,
1738 1617 1783 1678 13.

492 1682 534 1744 ib.
556 1682 593 1742 16
608 1701 615 1757 ;
632 1679 774 1760 simplici
785 1689 818 1740 et
835 1679 962 1740 sincera
980 1693 1029 1755 24,
1050 1693 1100 1754 14;
1152 1681 1410 1760 praeuaricatio:
1428 1683 1499 1745 sine
1524 1686 1615 1747 omni
1640 1689 1804 1768 praeuari-

493 1770 701 1832 maiestatem
730 1775 762 1830 et
778 1767 952 1828 ueritatem
971 1767 1019 1841 26,
1037 1781 1099 1842 20;
1195 1767 1326 1830 catione
1343 1785 1393 1847 20,
1408 1787 1457 1834 20.

492 1867 739 1937 tamquamper
760 1853 930 1934 speculum
947 1852 1101 1915 uidemus
1153 1854 1326 1935 presbyter
1345 1869 1394 1934 50,
1411 1873 1439 1920 2.

494 1951 755 2025 35,1;peecata
772 1951 804 2003 et
821 1940 943 2003 delicta
959 1941 1010 2017 48,
1028 1955 1055 2018 3.
1088 1941 1091 1950 '
1151 1940 1362 2023 primitiuus:
1394 1945 1436 2008 de
1474 1948 1651 2029 primitiuls
1689 1950 1804 2012 ouium

449 2044 583 2113 paratus
599 2051 670 2092 caan
692 2039 800 2110 praep.
827 2029 858 2090 in
886 2037 917 2089 at
932 2027 1074 2089 ablativo
1088 2048 1099 2088 :
1195 2048 1327 2092 suarum
1348 2046 1375 2110 5,
1392 2034 1410 2094 8
1426 2036 1675 2117 3preponebant
1692 2037 1803 2118 primi-

493 2120 598 2200 parati
615 2118 647 2179 in
665 2119 756 2179 omni
773 2135 872 2196 opere
889 2115 978 2178 bono
993 2132 1023 2193 4,
1042 2127 1069 2192 5.
1195 2117 1264 2179 tiua
1281 2137 1394 2182 eorum
1411 2139 1462 2199 40,
1481 2139 1508 2201 3.

449 2208 619 2289 passiones
637 2202 770 2286 Xpisti:
789 2219 816 2282 3,
836 2221 882 2266 11.
1153 2203 1363 2286 principalis:
1394 2230 1527 2290 sperare
1559 2212 1590 2273 in
1623 2211 1805 2293 principale

318 2308 325 2328 ·
442 2300 810 2376 passaoamproactaoo:
823 2291 986 2354 seditione
999 2310 1099 2371 quam
1196 2292 1298 2355 totius
1315 2307 1486 2374 creaturae
1502 2317 1623 2362 nomen
1636 2319 1737 2362 suum
1758 2315 1805 2379 34,

346 2419 349 2424 ·
458 2380 879 2458 v...incensisunt1,13.
1201 2395 1248 2458 13.

448 2490 584 2552 peccare
599 2507 639 2528 =
653 2466 781 2548 deficare
792 2489 804 2528 .·
829 2467 919 2528 dieta
944 2487 972 2528 a.
990 2465 1098 2528 taber·
1152 2488 1213 2549 pro
1216 2469 1604 2550 praepositiouereamur
1614 2475 1731 2557 eosqui
1745 2495 1805 2556 pro

492 2557 599 2622 naculi
617 2555 664 2619 tui
683 2574 747 2616 non
762 2553 913 2635 peccauit
933 2567 981 2633 52,
996 2571 1027 2631 4.
1198 2555 1293 2618 nobis
1310 2567 1387 2620 sunt
1406 2577 1455 2636 22,
1474 2577 1524 2624 22.
1600 2607 1602 2612 .

448 2666 506 2728 per
523 2641 744 2726 praepositio:
767 2661 843 2704 cum
871 2643 980 2703 omnis
1008 2639 1099 2721 regio
1239 2644 1528 2726 =da:scriptum
1558 2661 1627 2715 erat
1644 2673 1703 2732 pro
1720 2652 1804 2733 epis·
1837 2656 1844 2662 “

491 2735 675 2813 dampnata
688 2739 774 2792 esset
786 2749 843 2810 per
857 2729 967 2808 ignem
985 2738 1018 2790 et
1035 2727 1099 2789 sul·
1196 2732 1288 2814 copis
1315 2750 1367 2810 40,
1391 2734 1431 2810 6;
1459 2737 1591 2818 scripsit
1617 2740 1712 2802 uobis
1744 2761 1803 2820 pro

490 2821 630 2902 phurem
651 2836 697 2892 11,
719 2834 779 2897 13;
807 2837 864 2898 per
891 2815 1005 2879 omnia
1021 2835 1095 2876 san-
1197 2819 1376 2902 semetipso
1414 2830 1447 2884 et
1482 2821 1583 2888 Celae
1611 2836 1643 2890 et
1680 2826 1804 2909 Apollo

410 2947 412 2953 ,
490 2918 562 2972 ctus
582 2923 631 2987 33,
653 2922 699 2968 10.
1195 2923 1313 2986 4411.

540 3027 568 3050 =.
600 3017 640 3058 a:
667 3014 753 3076 quae
779 3013 837 3075 per
860 2992 970 3056 Deum
1002 2991 1101 3054 datae
1153 2995 1325 3074 procidere
1352 2995 1475 3060 alr'cai:
1500 3000 1711 3081 procidamus
1736 3002 1803 3064 Do·

490 3094 568 3150 sunt
585 3083 734 3146 iusticiae
753 3095 802 3161 53,
819 3081 875 3162 235
1196 3087 1288 3150 mino
1303 3097 1343 3163 45
1372 3100 1400 3164 7.

531 3193 604 3236 cam
620 3169 789 3233 ablativo:
816 3191 874 3250 per
891 3168 1006 3250 spiritu
1025 3187 1099 3230 san·
1151 3169 1305 3252 p'rolerre,
1333 3171 1463 3236 indicat.
1478 3185 1633 3254 praesens
1660 3176 1805 3257 proferet

489 3272 544 3326 cto
561 3258 765 3341 cognouistis
781 3273 832 3334 42,
854 3275 901 3320 12.
1197 3280 1246 3337 21,
1266 3277 1293 3338 3.
1685 3311 1687 3316 ,

447 3370 505 3432 per
528 3369 563 3411 se
586 3356 771 3409 :tantum
788 3369 794 3407 ε
812 3365 877 3407 non
906 3364 964 3425 per
988 3364 1022 3405 se
1040 3363 1099 3405 nos
1152 3349 1315 3431 prolatio:
1333 3348 1518 3430 prolatione
1536 3352 1693 3432 expiatur
1712 3368 1761 3433 39,
1773 3369 1803 3431 9.

492 3455 541 3512 20,
556 3437 577 3499 6
594 3457 622 3498 n.
1151 3437 1435 3518 promptuarium:
1450 3441 1678 3519 promptuaria
1694 3442 1802 3500 cordis

447 3545 583 3607 peregre
599 3546 605 3585 ι
621 3544 639 3586 e
655 3541 791 3604 peregre
803 3541 878 3584 cum
896 3520 986 3583 venit
1004 3537 1032 3597 2,
1050 3537 1077 3600 3.
1195 3541 1244 3597 22,
1266 3537 1318 3602 15;
1335 3524 1455 3586 intrate
1469 3526 1697 3606 promptuaria
1709 3541 1760 3604 47,
1775 3540 1801 3605 5.

447 3611 584 3694 pergula
607 3627 652 3686 12,
671 3623 697 3688 5.
741 3659 742 3664 .
1143 3623 1319 3692 pronomen
1336 3611 1510 3674 relativam
1531 3633 1603 3674 cram
1619 3613 1684 3674 solo
1692 3613 1802 3693 parti-

447 3699 629 3781 periculum
647 3697 826 3759 immittere
842 3695 945 3758 alicui
958 3709 1009 3773 45,
1029 3709 1054 3774 5.
1193 3701 1273 3779 cipio
1283 3698 1530 3782 praesenti-Qui
1544 3711 1669 3764 eextra
1685 3699 1801 3762 uolun-

446 3789 551 3869 perire
566 3788 650 3866 :fat
667 3785 795 3865 perient
817 3800 863 3856 12,
885 3786 921 3845 18
939 3805 945 3858 ;
965 3801 1012 3860 14,
1033 3785 1097 3862 14?
1194 3797 1297 3850 tatem
1315 3786 1401 3848 illius
1428 3785 1584 3850 facientes
1609 3789 1700 3869 quid,
1718 3808 1804 3851 mor-

447 3875 638 3957 permittere
667 3893 707 3914 =
737 3871 896 3934 incitare:
924 3871 1098 3933 iuuenibus
1194 3883 1262 3936 tem
1288 3873 1436 3937 debltam
1463 3874 1588 3938 habent
1615 3892 1664 3953 39,
1687 3893 1744 3952 11;
1768 3885 1804 3939 ut

454 4015 458 4024 ,
491 3963 622 4024 modica
638 3970 672 4024 et
687 3969 802 4022 sancta
819 3958 1010 4038 intellegere
1028 3979 1099 4039 per·
1194 3962 1322 4042 eosqui
1340 3962 1426 4024 iusto
1443 3970 1478 4024 et
1492 3961 1562 4024 sine
1578 3963 1711 4043 querela
1729 3984 1802 4043 pro·

491 4051 660 4113 mittentes
675 4066 702 4129 3,
719 4065 748 4111 2.
1194 4049 1304 4128 positu
1320 4050 1500 4110 seruientes
1528 4050 1601 4112 Deo
1627 4051 1658 4111 in
1679 4071 1802 4130 poenas

447 4137 709 4219 persecutionem
726 4134 887 4212 habere6,
908 4146 953 4212 15.
1073 4199 1074 4204 ,
1154 4164 1156 4170 ’
1193 4135 1372 4198 immittere
1389 4151 1441 4214 43,
1457 4137 1485 4198 6.
1713 4146 1715 4152 ’

447 4245 588 4307 persona
604 4244 749 4306 :paucae
762 4243 923 4304 personae
935 4222 1098 4302 superbae
1150 4234 1285 4306 propter
1299 4244 1338 4264 =
1354 4226 1415 4286 de:
1431 4223 1510 4306 quid
1535 4225 1685 4286 dicemus
1702 4245 1801 4306 prop·

495 4332 518 4387 1,
539 4329 574 4390 13
590 4333 596 4388 ;
613 4313 684 4373 sine
700 4331 916 4392 personarum
939 4330 965 4371 e.
982 4329 1113 4391 accep·
1192 4321 1241 4374 ter
1260 4310 1370 4373 Dauid
1446 4319 1581 4390 propter
1594 4331 1694 4392 quem
1712 4312 1799 4374 dixit

490 4403 580 4463 tione
598 4417 656 4476 2,9
670 4421 675 4474 ;
688 4410 932 4480 propterunam
948 4396 999 4458 uel
1014 4397 1097 4459 duas
1194 4399 1287 4460 Deus
1308 4400 1355 4474 18,
1376 4415 1422 4474 14.

490 4508 650 4568 personas
665 4499 717 4565 45,
738 4505 762 4550 1.
1149 4496 1284 4567 propter
1315 4486 1403 4566 quod
1436 4483 1597 4566 (=quia)
1628 4509 1633 4548 :
1665 4499 1801 4568 propter

445 4577 610 4656 plasmare
628 4591 678 4652 31,
698 4577 745 4638 18.
1191 4575 1281 4654 quod
1299 4593 1364 4635 non
1378 4582 1514 4652 possent
1532 4587 1581 4652 37,
1593 4590 1635 4636 20
1650 4584 1802 4654 ;propter

445 4663 626 4743 plurimus:
644 4673 770 4743 quanto
786 4661 948 4743 plurimae
964 4661 1094 4742 dignati
1192 4662 1281 4742 quod
1299 4680 1364 4722 non
1382 4659 1507 4722 habent
1525 4675 1575 4739 37,
1592 4677 1631 4723 22
1647 4671 1801 4742 ;pr0pter

489 4769 604 4812 sumus
618 4749 776 4812 scientiae
794 4765 841 4828 39,
864 4765 907 4826 13.
1191 4747 1281 4829 quod
1298 4757 1330 4809 et
1347 4756 1426 4810 tunc
1455 4768 1514 4811 uos
1534 4749 1659 4829 proelia
1676 4747 1799 4810 fecistis

446 4836 658 4920 pontificatus
674 4854 726 4916 41,
744 4853 770 4915 3.
1152 4865 1155 4874 ·
1190 4852 1310 4914 44,12.
1586 4844 1588 4850 '
1780 4863 1782 4870 ·
