4146 5578
392 471 448 553 66

472 692 535 768 'pro
551 683 759 766 tsaepissirue
769 707 780 747 .·
790 683 930 748 tristicia
946 701 997 764 44,
1010 687 1029 748 8
1035 707 1042 762 ;

437 773 581 837 stulticia
596 786 648 852 45,
677 785 692 852 5
709 793 716 850 ;
747 773 913 854 propicius
929 789 980 853 45,
997 775 1016 835 8
1037 793 1044 850 ;

437 861 566 924 iusticia
582 875 634 939 45,
649 877 671 938 9
686 867 740 922 etc.

392 946 562 1030 caliginari
577 970 584 1010 ε
601 957 634 1010 et
650 947 682 1008 in
700 945 766 1010 fide
782 946 868 1010 iilius
885 947 1043 1029 caligina-

436 1037 579 1113 batur4,
599 1050 647 1114 17.

392 1143 538 1204 capesso
548 1121 678 1203 perfect.
693 1121 789 1203 capui
806 1122 905 1185 :haec
916 1123 1044 1186 auditio

436 1230 501 1274 non
520 1219 650 1272 tantum
668 1210 700 1272 in
715 1209 810 1274 nobis
826 1209 935 1291 capuit
953 1223 993 1290 45
1017 1225 1043 1288 3.

392 1318 525 1380 carpere
548 1325 576 1349 =
599 1296 772 1378 discerpere
782 1320 793 1360 .·
805 1298 1000 1360 deducimus
1011 1307 1044 1360 ct

435 1385 601 1467 carpimus
619 1384 755 1447 menbra
772 1384 884 1466 Xpisti
900 1402 952 1464 43,
969 1402 1018 1448 20.

391 1493 524 1536 casuum
549 1472 686 1534 mutatio
699 1493 711 1534 .·
736 1492 795 1554 per
820 1482 966 1534 nostram
993 1493 1043 1534 sa·

436 1560 595 1641 pientiam
663 1569 721 1622 aut
736 1579 872 1640 operum
889 1576 938 1638 31,
956 1559 1044 1638 2;oi-

436 1647 538 1710 fertur
568 1667 628 1727 pro
658 1646 815 1727 pontifice
849 1657 881 1713 et
912 1647 1043 1709 illorum

436 1734 660 1816 predictorum
675 1733 898 1798 ministrorum
915 1750 963 1812 39,
984 1751 1023 1797 10
1038 1755 1045 1812 ;

437 1841 502 1884 non
520 1829 650 1884 tanturn
662 1821 694 1882 in
706 1821 802 1883 nobis
813 1823 924 1903 capuit
941 1822 997 1884 sed
1012 1831 1046 1884 et

436 1909 468 1970 in
486 1908 689 1990 alienigenas
705 1921 757 1987 45,
774 1925 791 1988 3
807 1929 813 1984 ;
842 1929 899 1990 per
923 1909 1046 1972 ieiunia

437 1996 525 2059 enim
544 2005 576 2058 et
593 1996 781 2058 humilitate
799 2017 857 2058 sua
876 2011 924 2076 50,
942 2012 991 2058 22.

393 2083 509 2148 certari
540 2083 667 2164 depae:
697 2103 802 2164 usque
832 2085 873 2146 ad
904 2092 1044 2146 mortem

437 2179 582 2233 certatac
596 2183 673 2234 sunt
688 2171 717 2248 6,
738 2173 797 2249 16;
813 2181 976 2234 certemus
997 2172 1045 2234 in-

439 2257 542 2320 ueniri
561 2273 610 2337 33,
627 2276 674 2320 11.

394 2346 582 2408 ceruicosus
597 2363 650 2426 49,
666 2363 695 2424 9.

394 2443 539 2497 ceteros:
557 2434 599 2496 de
615 2443 725 2497 cetero
744 2446 792 2512 59,
811 2449 836 2512 3.

343 2527 347 2530 ’
393 2521 503 2584 cibare
518 2520 659 2602 aliquem
674 2542 685 2584 .·
701 2521 812 2602 precio
823 2541 883 2584 suo
900 2521 981 2584 aiios
998 2523 1044 2584 ci-

437 2608 601 2671 baucrunt
620 2621 669 2688 50,
690 2626 736 2685 14.

393 2695 622 2758 circumtinere
639 2713 689 2776 31,
710 2712 755 2775 13.

393 2782 523 2846 colonia
541 2785 590 2859 26,
611 2799 658 2847 11.

392 2889 654 2934 commemorare
681 2891 752 2934 caru
760 2871 912 2952 proposit.
931 2871 1022 2954 iufiru
1035 2895 1047 2934 .·

436 2968 739 3020 commemorantes
762 2958 884 3022 debere
911 2979 972 3021 uos

437 3054 553 3108 sancte
569 3045 699 3126 placere
718 3049 766 3126 58,
785 3064 812 3126 3.

394 3134 571 3196 commode
610 3162 638 3186 =
686 3133 915 3200 counradum:
955 3135 1046 3216 quod

438 3221 615 3284 commode
631 3229 664 3284 et
680 3221 761 3284 utile
777 3232 826 3285 est
842 3223 893 3301 46,
911 3239 937 3284 2.

394 3311 601 3390 compositus
617 3333 623 3372 ι
639 3329 726 3390 quae
742 3330 856 3386 eorum
881 3321 967 3373 esset
983 3309 1046 3372 hoc

439 3395 578 3458 mirifico
591 3397 725 3459 nomine
738 3399 925 3479 composita
938 3411 1047 3477 40,15.

394 3482 580 3546 confidere:
605 3483 811 3548 confidentes
842 3506 941 3566 supra
973 3506 1045 3548 san·

415 3609 417 3622 ·
439 3580 529 3633 ctum
547 3571 696 3634 iusticiae
710 3593 831 3636 nomen
849 3574 919 3634 eius
935 3587 983 3652 53,
1001 3589 1047 3652 17.

396 3655 583 3720 confirmari
599 3658 647 3721 ad
658 3659 800 3741 aliquem
819 3677 868 3739 33,
889 3677 933 3739 13.

396 3743 546 3808 confiteri
562 3746 704 3810 absolute
715 3770 726 3810 .·
742 3746 890 3810 confiteri
913 3757 1049 3830 propter

441 3843 579 3914 peccata
596 3844 628 3896 et
645 3835 767 3898 delicta
782 3837 834 3914 48,
849 3851 876 3913 3.

397 3919 585 3984 confortare
603 3934 651 4000 50,
672 3939 721 4001 14..

359 4036 361 4040 ·
397 4007 619 4087 coniunctiores
626 4020 690 4090 pro
705 4010 883 4072 indicativo
896 4033 908 4074 .·
925 4027 975 4090 39,
996 4028 1020 4075 1.

398 4096 609 4158 considerare
625 4097 703 4178 quia
718 4118 790 4169 curn
808 4097 937 4162 r'rrdr'cot.
956 4101 984 4175 8,
1002 4101 1028 4161 8.

397 4183 579 4246 consistere
593 4205 665 4248 curu
681 4205 780 4250 accus.
793 4207 799 4248 :
812 4186 972 4250 aeclesiae
986 4185 1049 4248 Dei

441 4271 635 4334 consistenti
653 4272 875 4336 Chorinthum
896 4292 921 4352 1,
933 4292 964 4354 4.

398 4359 597 4422 constitutor
616 4377 665 4440 31,
687 4378 731 4424 10.

395 4445 643 4508 constructiones
659 4447 882 4530 irregulares:

442 4543 476 4595 ut
493 4543 525 4596 et
545 4535 718 4615 passiones
736 4536 823 4599 illius
839 4547 918 4601 ante
934 4537 1049 4600 oculos

441 4630 568 4684 uestros
586 4621 707 4686 fuerint
728 4641 756 4704 3,
777 4641 810 4686 11
828 4645 836 4702 ;
852 4633 885 4688 et
902 4625 1048 4706 negabat

442 4709 556 4771 omnia
586 4711 745 4773 mandata
774 4712 853 4787 eius,
880 4711 1051 4776 ambulare

445 4796 620 4860 uoluerunt
637 4817 702 4860 non
719 4799 820 4880 digne
837 4799 958 4880 Xpisto
973 4813 1025 4879 5,1
1044 4821 1051 4877 ;

585 487 972 578 ORTHOGRAPHICA,
998 489 1154 550 LEXICA
1177 489 1231 546 ET
1253 487 1556 548 GRAMMATICA.

1138 703 1214 747 cum
1231 683 1320 747 enim
1339 681 1429 746 missi
1445 691 1523 746 sunt
1586 689 1619 745 et
1633 680 1745 744 rescis-

1138 781 1188 834 set
1205 793 1265 834 rex
1286 788 1332 846 12,
1358 789 1396 850 1;
1422 771 1528 851 magis
1555 768 1746 831 hominibus

1138 859 1351 922 offendamus
1442 877 1541 939 quam
1560 857 1671 919 De'um
1689 865 1745 918 aut

1139 945 1323 1009 Dominum
1339 962 1389 1022 22,
1410 964 1470 1024 193
1488 943 1605 1006 melius
1618 952 1688 1006 erat
1701 941 1746 1004 ilii

1140 1035 1336 1097 circumdari
1363 1033 1485 1096 molam
1514 1031 1601 1094 collo
1627 1029 1698 1092 eius
1715 1039 1748 1091 et

1139 1121 1328 1202 precipitari
1354 1120 1387 1183 in
1414 1120 1506 1196 mari,
1522 1139 1622 1200 quam
1640 1137 1742 1180 unum

1139 1209 1180 1270 de
1197 1209 1311 1270 electis
1328 1209 1409 1271 meis
1424 1214 1626 1288 peruerterct
1637 1223 1689 1283 44,
1704 1223 1726 1283 4
1740 1225 1747 1281 ;

1140 1317 1206 1358 non
1224 1305 1355 1358 tantum
1382 1295 1414 1357 in
1440 1293 1535 1357 nobis
1552 1293 1674 1374 capuit,
1690 1293 1747 1354 sed

1139 1384 1221 1446 etin
1239 1383 1441 1463 alienigenas
1454 1382 1510 1463 qui
1527 1391 1604 1443 sunt
1620 1401 1639 1442 a
1653 1379 1748 1440 nobis

1139 1483 1190 1550 45,
1207 1487 1223 1550 3
1239 1492 1246 1548 ;
1263 1471 1380 1534 melius
1397 1478 1448 1533 est
1463 1491 1490 1532 e.
1507 1489 1567 1530 uos
1642 1467 1747 1530 claros

1140 1557 1289 1634 inueniri,
1305 1577 1405 1640 quam
1478 1553 1684 1636 proiciamini
1700 1567 1748 1633 52,
1819 1573 1822 1578 ·

1145 1648 1182 1708 16
1198 1667 1205 1724 ;
1221 1655 1257 1708 ut
1274 1645 1409 1726 cognito
1436 1645 1549 1708 datam
1569 1642 1663 1705 nobis
1680 1652 1748 1704 ate

1140 1733 1279 1814 gloriam
1299 1747 1347 1812 57,
1365 1749 1391 1796 2.

1096 1840 1350 1884 consummare:
1367 1819 1480 1882 omnia
1497 1819 1528 1880 in
1547 1819 1666 1880 timore
1685 1816 1747 1878 Dei

1140 1907 1397 1972 consummastis
1408 1925 1438 1986 4,
1454 1909 1476 1969 6
1490 1927 1497 1984 ;
1514 1915 1746 1969 consummata

1141 2007 1191 2060 est
1207 1997 1368 2077 scriptura
1384 2013 1413 2073 4,
1429 2012 1458 2072 9.
1637 1995 1638 1999 ’

1096 2092 1347 2148 consummate:
1363 2083 1419 2164 qui
1442 2089 1675 2144 consummate
1689 2080 1748 2142 mi·

1142 2173 1323 2236 nistrarunt
1343 2187 1390 2247 10,
1409 2183 1436 2249 5.

1097 2253 1749 2323 consummatio:consummationiseius

1156 2367 1221 2410 non
1240 2355 1290 2408 est
1309 2345 1475 2408 enarratio
1489 2346 1541 2422 46,
1563 2361 1609 2422 19.

1098 2435 1300 2498 contendere
1412 2439 1414 2443 ’

1183 2522 1231 2585 ad
1252 2522 1393 2604 olr'queru
1408 2541 1419 2582 .·
1446 2516 1681 2583 contendimus
1706 2518 1747 2580 ad

1141 2631 1261 2691 corpus
1279 2619 1428 2672 nostrum
1445 2624 1497 2686 43,
1514 2622 1563 2670 21.

1184 2697 1287 2760 alicui
1317 2705 1425 2776 :pro
1449 2694 1558 2774 aliquo
1575 2717 1586 2757 :
1614 2702 1750 2756 conten·

1142 2785 1237 2848 distis
1253 2785 1341 2846 enim
1359 2782 1520 2863 apostolis
1536 2799 1587 2859 44,
1608 2798 1654 2860 13.

1099 2873 1283 2936 contrarius
1306 2901 1334 2924 =
1351 2869 1589 2934 aduersarius:
1617 2882 1750 2953 propter

1142 2957 1752 3042 quasdamincursionescontrarii47,

1103 3097 1106 3103 .
1148 3064 1194 3128 17,
1377 3052 1382 3058 '

1099 3145 1323 3200 contrastare:
1350 3135 1407 3217 qui
1435 3136 1671 3200 constrastabit
1688 3136 1752 3199 ior·

1143 3225 1279 3287 titudini
1297 3223 1429 3288 uirtutis
1446 3224 1515 3285 eius
1533 3238 1582 3302 27,
1604 3241 1648 3286 11.
1694 3225 1697 3230 ’

1099 3313 1287 3376 contristari
1302 3321 1402 3392 supra
1418 3309 1571 3391 aliquid:
1594 3312 1752 3392 suscipia-

1145 3421 1217 3462 mus
1228 3399 1414 3462 doctrinam
1428 3419 1527 3478 supra
1538 3419 1638 3479 quam
1652 3419 1752 3461 nemo

1143 3488 1243 3549 debet
1259 3486 1448 3549 contristari
1467 3499 1516 3566 51,
1532 3503 1574 3564 9.-

1100 3575 1309 3637 conuersari:
1326 3574 1376 3635 his
1394 3574 1471 3636 uiris
1489 3583 1604 3637 sancte
1614 3593 1750 3636 conuer-

1144 3662 1294 3725 santibus
1311 3676 1339 3740 7,
1356 3675 1398 3740 73
1425 3661 1526 3743 digne
1543 3660 1599 3723 ilio
1616 3681 1751 3724 conuer-

1144 3769 1255 3812 semur
1271 3765 1322 3824 22,
1342 3765 1378 3827 13
1395 3757 1448 3814 etc.

1100 3837 1211 3918 cotula
1241 3837 1361 3900 omissa
1393 3852 1443 3918 37,
1473 3851 1513 3916 7;
1546 3837 1595 3916 56,
1625 3859 1670 3918 4;
1705 3851 1753 3918 57,

1150 3939 1195 4004 15.
1655 3955 1656 3958 ¹

1102 4029 1212 4076 coram
1227 4022 1345 4094 praep.
1372 4031 1444 4076 curn
1475 4033 1574 4099 accus.
1588 4035 1600 4076 .·
1631 4014 1753 4096 piacita

1145 4119 1256 4162 coram
1274 4110 1307 4163 te
1324 4110 1356 4164 et
1369 4120 1480 4164 coram
1495 4101 1660 4182 prinpre's
1677 4105 1752 4164 nos·

1146 4194 1214 4250 tr'os
1233 4190 1282 4267 56,
1297 4204 1327 4266 9.
1456 4257 1457 4260 ,

1102 4285 1251 4338 creatura
1269 4277 1319 4352 28,
1338 4290 1353 4356 5
1372 4295 1379 4353 ;
1397 4289 1446 4355 54,
1466 4293 1513 4355 13.

1100 4372 1252 4430 ,0111111111
1278 4362 1360 4425 salui
1389 4365 1504 4426 essetis
1529 4384 1604 4427 cum
1629 4363 1751 4427 miseri-

1144 4451 1257 4512 cordia
1285 4461 1318 4513 et
1345 4471 1422 4513 curn
1444 4451 1533 4513 bona
1549 4451 1753 4514 conscientia

1147 4554 1174 4616 3,
1194 4555 1232 4617 19
1247 4559 1254 4615 ;
1279 4539 1484 4601 intrauerunt
1509 4559 1584 4602 cum
1611 4559 1652 4602 eo
1676 4560 1751 4602 cum

1145 4626 1321 4688 concordia
1351 4643 1478 4702 10,10;
1505 4628 1753 4689 commonentia

1145 4731 1181 4774 se
1207 4732 1282 4775 cum
1311 4732 1392 4794 pace
1420 4713 1550 4792 2o.16;
1577 4733 1752 4796 cumpace

1145 4799 1311 4862 decedunt
1329 4816 1379 4876 22,
1400 4817 1424 4875 1,
1439 4809 1493 4863 ere.
