<?xml version="1.0" encoding="UTF-8"?>
<!DOCTYPE html PUBLIC "-//W3C//DTD XHTML 1.0 Transitional//EN"
    "http://www.w3.org/TR/xhtml1/DTD/xhtml1-transitional.dtd">
<html xmlns="http://www.w3.org/1999/xhtml" xml:lang="en" lang="en">
 <head>
  <title>
</title>
<meta http-equiv="Content-Type" content="text/html;charset=utf-8" />
  <meta name='ocr-system' content='tesseract 3.04.00' />
  <meta name='ocr-capabilities' content='ocr_page ocr_carea ocr_par ocr_line ocrx_word'/>
</head>
<body>
  <div class='ocr_page' id='page_1' title='image "./sancticlementis00morigoog_0065.png"; bbox 0 0 4146 5578; ppageno 0'>
   <div class='ocr_carea' id='block_1_1' title="bbox 449 471 1805 569">
    <p class='ocr_par' dir='ltr' id='par_1_1' title="bbox 449 471 1805 569">
     <span class='ocr_line' id='line_1_1' title="bbox 449 471 1805 569; baseline 0.007 -39"><span class='ocrx_word' id='word_1_1' title='bbox 449 471 577 553; x_wconf 84' lang='lat' dir='ltr'><strong>xxxvu]</strong></span> <span class='ocrx_word' id='word_1_2' title='bbox 874 477 1030 537; x_wconf 89' lang='lat' dir='ltr'>VERSIO</span> <span class='ocrx_word' id='word_1_3' title='bbox 1055 478 1372 553; x_wconf 79' lang='lat' dir='ltr'><strong>AN&#39;l&#39;lQVlSSlMA.</strong></span> <span class='ocrx_word' id='word_1_4' title='bbox 1754 487 1805 569; x_wconf 77' lang='lat'><strong>35</strong></span> 
     </span>
    </p>
   </div>
   <div class='ocr_carea' id='block_1_2' title="bbox 404 697 1862 2744">
    <p class='ocr_par' dir='ltr' id='par_1_2' title="bbox 404 697 1862 2744">
     <span class='ocr_line' id='line_1_2' title="bbox 452 697 1807 809; baseline 0.006 -31"><span class='ocrx_word' id='word_1_5' title='bbox 452 697 565 780; x_wconf 94' lang='lat' dir='ltr'><strong>hunc</strong></span> <span class='ocrx_word' id='word_1_6' title='bbox 586 710 809 808; x_wconf 79' lang='lat' dir='ltr'><strong>tamquam</strong></span> <span class='ocrx_word' id='word_1_7' title='bbox 847 726 920 808; x_wconf 88' lang='lat' dir='ltr'><strong>per</strong></span> <span class='ocrx_word' id='word_1_8' title='bbox 953 698 1175 809; x_wconf 86' lang='lat' dir='ltr'><strong>speculum</strong></span> <span class='ocrx_word' id='word_1_9' title='bbox 1199 699 1400 783; x_wconf 91' lang='lat' dir='ltr'><strong>uidemus</strong></span> <span class='ocrx_word' id='word_1_10' title='bbox 1437 701 1742 786; x_wconf 84' lang='lat' dir='ltr'><strong>inmaculatam</strong></span> <span class='ocrx_word' id='word_1_11' title='bbox 1766 716 1807 786; x_wconf 91' lang='lat' dir='ltr'><strong>et</strong></span> 
     </span>
     <span class='ocr_line' id='line_1_3' title="bbox 451 836 1807 949; baseline 0.004 -31"><span class='ocrx_word' id='word_1_12' title='bbox 451 836 763 946; x_wconf 79' lang='lat' dir='ltr'><strong>praecellentem</strong></span> <span class='ocrx_word' id='word_1_13' title='bbox 793 837 944 922; x_wconf 81' lang='lat' dir='ltr'><strong>faciem</strong></span> <span class='ocrx_word' id='word_1_14' title='bbox 980 837 1086 938; x_wconf 86' lang='lat' dir='ltr'><strong>eius,</strong></span> <span class='ocrx_word' id='word_1_15' title='bbox 1118 865 1192 946; x_wconf 89' lang='lat' dir='ltr'><strong>per</strong></span> <span class='ocrx_word' id='word_1_16' title='bbox 1222 837 1336 920; x_wconf 91' lang='lat' dir='ltr'><strong>hunc</strong></span> <span class='ocrx_word' id='word_1_17' title='bbox 1371 839 1505 949; x_wconf 83' lang='lat' dir='ltr'><strong>aperti</strong></span> <span class='ocrx_word' id='word_1_18' title='bbox 1536 852 1639 922; x_wconf 89' lang='lat' dir='ltr'><strong>sunt</strong></span> <span class='ocrx_word' id='word_1_19' title='bbox 1680 840 1807 924; x_wconf 89' lang='lat' dir='ltr'><strong>nobis</strong></span> 
     </span>
     <span class='ocr_line' id='line_1_4' title="bbox 450 973 1862 1085; baseline 0.002 -28"><span class='ocrx_word' id='word_1_20' title='bbox 450 975 561 1058; x_wconf 93' lang='lat' dir='ltr'><strong>oculi</strong></span> <span class='ocrx_word' id='word_1_21' title='bbox 604 975 757 1077; x_wconf 86' lang='lat' dir='ltr'><strong>cordis,</strong></span> <span class='ocrx_word' id='word_1_22' title='bbox 789 1002 862 1085; x_wconf 89' lang='lat' dir='ltr'><strong>per</strong></span> <span class='ocrx_word' id='word_1_23' title='bbox 899 974 1014 1057; x_wconf 91' lang='lat' dir='ltr'><strong>hunc</strong></span> <span class='ocrx_word' id='word_1_24' title='bbox 1049 975 1276 1058; x_wconf 88' lang='lat' dir='ltr'><strong>tenebrosa</strong></span> <span class='ocrx_word' id='word_1_25' title='bbox 1311 988 1351 1058; x_wconf 86' lang='lat' dir='ltr'><strong>et</strong></span> <span class='ocrx_word' id='word_1_26' title='bbox 1387 977 1481 1059; x_wconf 90' lang='lat' dir='ltr'><strong>sine</strong></span> <span class='ocrx_word' id='word_1_27' title='bbox 1517 1005 1647 1060; x_wconf 88' lang='lat' dir='ltr'><strong>sensu</strong></span> <span class='ocrx_word' id='word_1_28' title='bbox 1685 1006 1806 1062; x_wconf 91' lang='lat' dir='ltr'><strong>mens</strong></span> <span class='ocrx_word' id='word_1_29' title='bbox 1860 973 1862 977; x_wconf 65' lang='grc'><strong>’</strong></span> 
     </span>
     <span class='ocr_line' id='line_1_5' title="bbox 451 1113 1808 1223; baseline 0.003 -27"><span class='ocrx_word' id='word_1_30' title='bbox 451 1127 599 1214; x_wconf 87' lang='lat' dir='ltr'><strong>nostra</strong></span> <span class='ocrx_word' id='word_1_31' title='bbox 620 1114 811 1197; x_wconf 88' lang='lat' dir='ltr'><strong>refloruit</strong></span> <span class='ocrx_word' id='word_1_32' title='bbox 834 1114 877 1194; x_wconf 94' lang='lat' dir='ltr'><strong>in</strong></span> <span class='ocrx_word' id='word_1_33' title='bbox 900 1113 1008 1214; x_wconf 88' lang='lat' dir='ltr'><strong>luce;</strong></span> <span class='ocrx_word' id='word_1_34' title='bbox 1032 1141 1105 1223; x_wconf 88' lang='lat' dir='ltr'><strong>per</strong></span> <span class='ocrx_word' id='word_1_35' title='bbox 1120 1113 1241 1196; x_wconf 86' lang='lat' dir='ltr'><strong>¹hunc</strong></span> <span class='ocrx_word' id='word_1_36' title='bbox 1263 1115 1402 1198; x_wconf 92' lang='lat' dir='ltr'><strong>uoluit</strong></span> <span class='ocrx_word' id='word_1_37' title='bbox 1426 1117 1547 1198; x_wconf 87' lang='lat' dir='ltr'><strong>Deus</strong></span> <span class='ocrx_word' id='word_1_38' title='bbox 1569 1117 1808 1201; x_wconf 88' lang='lat' dir='ltr'><strong>inmortali-</strong></span> 
     </span>
     <span class='ocr_line' id='line_1_6' title="bbox 417 1251 1808 1366; baseline 0.001 -28"><span class='ocrx_word' id='word_1_39' title='bbox 417 1285 430 1339; x_wconf 86' lang='lat' dir='ltr'><strong>s</strong></span> <span class='ocrx_word' id='word_1_40' title='bbox 451 1254 553 1336; x_wconf 86' lang='lat' dir='ltr'><strong>tatis</strong></span> <span class='ocrx_word' id='word_1_41' title='bbox 575 1253 767 1335; x_wconf 85' lang='lat' dir='ltr'><strong>scientiae</strong></span> <span class='ocrx_word' id='word_1_42' title='bbox 786 1263 962 1363; x_wconf 83' lang='lat' dir='ltr'><strong>gustare</strong></span> <span class='ocrx_word' id='word_1_43' title='bbox 981 1278 1072 1352; x_wconf 70' lang='lat' dir='ltr'><strong>nos</strong></span> <span class='ocrx_word' id='word_1_44' title='bbox 1093 1251 1166 1361; x_wconf 89' lang='lat' dir='ltr'><strong>qui</strong></span> <span class='ocrx_word' id='word_1_45' title='bbox 1189 1264 1254 1334; x_wconf 88' lang='lat' dir='ltr'><strong>est</strong></span> <span class='ocrx_word' id='word_1_46' title='bbox 1271 1252 1476 1362; x_wconf 85' lang='lat' dir='ltr'><strong>splendor</strong></span> <span class='ocrx_word' id='word_1_47' title='bbox 1493 1255 1808 1366; x_wconf 80' lang='lat' dir='ltr'><strong>magnitudinis</strong></span> 
     </span>
     <span class='ocr_line' id='line_1_7' title="bbox 449 1390 1807 1502; baseline 0.001 -28"><span class='ocrx_word' id='word_1_48' title='bbox 449 1391 555 1492; x_wconf 66' lang='lat' dir='ltr'><strong>eius</strong></span> <span class='ocrx_word' id='word_1_49' title='bbox 592 1404 761 1473; x_wconf 89' lang='lat' dir='ltr'><strong>tantum</strong></span> <span class='ocrx_word' id='word_1_50' title='bbox 795 1390 932 1472; x_wconf 92' lang='lat' dir='ltr'><strong>maior</strong></span> <span class='ocrx_word' id='word_1_51' title='bbox 965 1390 1232 1499; x_wconf 83' lang='lat' dir='ltr'><strong>angelorum,</strong></span> <span class='ocrx_word' id='word_1_52' title='bbox 1257 1403 1467 1500; x_wconf 92' lang='lat' dir='ltr'><strong>quantum</strong></span> <span class='ocrx_word' id='word_1_53' title='bbox 1509 1395 1807 1502; x_wconf 85' lang='lat' dir='ltr'><strong>precellentem</strong></span> 
     </span>
     <span class='ocr_line' id='line_1_8' title="bbox 451 1528 1809 1642; baseline 0.005 -32"><span class='ocrx_word' id='word_1_54' title='bbox 451 1529 709 1613; x_wconf 87' lang='lat' dir='ltr'><strong>hereditauit</strong></span> <span class='ocrx_word' id='word_1_55' title='bbox 733 1555 901 1612; x_wconf 88' lang='lat' dir='ltr'><strong>nomen.</strong></span> <span class='ocrx_word' id='word_1_56' title='bbox 928 1528 1148 1636; x_wconf 87' lang='lat' dir='ltr'><strong>Scriptum</strong></span> <span class='ocrx_word' id='word_1_57' title='bbox 1171 1540 1236 1609; x_wconf 88' lang='lat' dir='ltr'><strong>est</strong></span> <span class='ocrx_word' id='word_1_58' title='bbox 1272 1529 1416 1612; x_wconf 87' lang='lat' dir='ltr'><strong>enim:</strong></span> <span class='ocrx_word' id='word_1_59' title='bbox 1438 1531 1661 1639; x_wconf 73' lang='lat' dir='ltr'><strong>Qnifaeit</strong></span> <span class='ocrx_word' id='word_1_60' title='bbox 1681 1560 1809 1642; x_wconf 75' lang='lat' dir='ltr'><strong>ange-</strong></span> 
     </span>
     <span class='ocr_line' id='line_1_9' title="bbox 450 1667 1806 1777; baseline 0.002 -27"><span class='ocrx_word' id='word_1_61' title='bbox 450 1668 512 1750; x_wconf 81' lang='lat' dir='ltr'><strong>los</strong></span> <span class='ocrx_word' id='word_1_62' title='bbox 531 1695 629 1750; x_wconf 85' lang='lat' dir='ltr'><strong>snas</strong></span> <span class='ocrx_word' id='word_1_63' title='bbox 660 1667 856 1777; x_wconf 76' lang='lat' dir='ltr'><strong>spiritam,</strong></span> <span class='ocrx_word' id='word_1_64' title='bbox 880 1672 923 1748; x_wconf 90' lang='lat' dir='ltr'><strong>et</strong></span> <span class='ocrx_word' id='word_1_65' title='bbox 957 1667 1181 1749; x_wconf 72' lang='lat' dir='ltr'><strong>ministros</strong></span> <span class='ocrx_word' id='word_1_66' title='bbox 1200 1693 1299 1748; x_wconf 83' lang='lat' dir='ltr'><strong>snas</strong></span> <span class='ocrx_word' id='word_1_67' title='bbox 1333 1667 1475 1776; x_wconf 75' lang='lat' dir='ltr'><strong>ignem</strong></span> <span class='ocrx_word' id='word_1_68' title='bbox 1507 1677 1712 1754; x_wconf 87' lang='lat' dir='ltr'><strong>mentem.</strong></span> <span class='ocrx_word' id='word_1_69' title='bbox 1738 1673 1806 1754; x_wconf 80' lang='lat' dir='ltr'><strong>Ad</strong></span> 
     </span>
     <span class='ocr_line' id='line_1_10' title="bbox 452 1804 1809 1918; baseline 0.005 -33"><span class='ocrx_word' id='word_1_70' title='bbox 452 1804 590 1887; x_wconf 89' lang='lat' dir='ltr'><strong>filium</strong></span> <span class='ocrx_word' id='word_1_71' title='bbox 627 1817 773 1887; x_wconf 89' lang='lat' dir='ltr'><strong>autem</strong></span> <span class='ocrx_word' id='word_1_72' title='bbox 816 1831 946 1886; x_wconf 91' lang='lat' dir='ltr'><strong>suum</strong></span> <span class='ocrx_word' id='word_1_73' title='bbox 977 1805 1039 1887; x_wconf 89' lang='lat' dir='ltr'><strong>sic</strong></span> <span class='ocrx_word' id='word_1_74' title='bbox 1074 1805 1200 1887; x_wconf 87' lang='lat' dir='ltr'><strong>dixit:</strong></span> <span class='ocrx_word' id='word_1_75' title='bbox 1224 1804 1373 1886; x_wconf 84' lang='lat' dir='ltr'><strong>Filias</strong></span> <span class='ocrx_word' id='word_1_76' title='bbox 1412 1833 1531 1889; x_wconf 85' lang='lat' dir='ltr'><strong>mens</strong></span> <span class='ocrx_word' id='word_1_77' title='bbox 1569 1835 1613 1890; x_wconf 84' lang='lat' dir='ltr'><strong>es</strong></span> <span class='ocrx_word' id='word_1_78' title='bbox 1651 1814 1809 1918; x_wconf 37' lang='lat' dir='ltr'><strong>tapega</strong></span> 
     </span>
     <span class='ocr_line' id='line_1_11' title="bbox 404 1943 1809 2054; baseline 0.006 -35"><span class='ocrx_word' id='word_1_79' title='bbox 404 1984 433 2020; x_wconf 90' lang='lat'><strong>10</strong></span> <span class='ocrx_word' id='word_1_80' title='bbox 451 1944 574 2026; x_wconf 83' lang='lat' dir='ltr'><strong>nodie</strong></span> <span class='ocrx_word' id='word_1_81' title='bbox 588 1943 725 2054; x_wconf 81' lang='lat' dir='ltr'><strong>genai</strong></span> <span class='ocrx_word' id='word_1_82' title='bbox 738 1949 789 2026; x_wconf 90' lang='lat' dir='ltr'><strong>te.</strong></span> <span class='ocrx_word' id='word_1_83' title='bbox 815 1946 918 2026; x_wconf 84' lang='lat' dir='ltr'><strong>Pete</strong></span> <span class='ocrx_word' id='word_1_84' title='bbox 933 1971 961 2026; x_wconf 91' lang='lat' dir='ltr'><strong>a</strong></span> <span class='ocrx_word' id='word_1_85' title='bbox 978 1972 1054 2046; x_wconf 82' lang='lat' dir='ltr'><strong>ine,</strong></span> <span class='ocrx_word' id='word_1_86' title='bbox 1078 1951 1122 2026; x_wconf 92' lang='lat' dir='ltr'><strong>et</strong></span> <span class='ocrx_word' id='word_1_87' title='bbox 1142 1945 1250 2026; x_wconf 84' lang='lat' dir='ltr'><strong>dabo</strong></span> <span class='ocrx_word' id='word_1_88' title='bbox 1266 1945 1349 2027; x_wconf 84' lang='lat' dir='ltr'><strong>tibi</strong></span> <span class='ocrx_word' id='word_1_89' title='bbox 1359 1951 1512 2052; x_wconf 78' lang='lat' dir='ltr'><strong>gentes</strong></span> <span class='ocrx_word' id='word_1_90' title='bbox 1523 1945 1809 2029; x_wconf 69' lang='lat' dir='ltr'><strong>hereditatem</strong></span> 
     </span>
     <span class='ocr_line' id='line_1_12' title="bbox 452 2078 1810 2193; baseline 0.001 -29"><span class='ocrx_word' id='word_1_91' title='bbox 452 2088 589 2183; x_wconf 87' lang='lat' dir='ltr'><strong>taam,</strong></span> <span class='ocrx_word' id='word_1_92' title='bbox 618 2078 623 2193; x_wconf 80' lang='lat' dir='ltr'><strong>l</strong></span> <span class='ocrx_word' id='word_1_93' title='bbox 652 2082 747 2164; x_wconf 89' lang='lat' dir='ltr'><strong>sol.1</strong></span> <span class='ocrx_word' id='word_1_94' title='bbox 763 2107 809 2163; x_wconf 86' lang='lat'><strong>12</strong></span> <span class='ocrx_word' id='word_1_95' title='bbox 837 2078 842 2193; x_wconf 74' lang='lat' dir='ltr'><strong>l</strong></span> <span class='ocrx_word' id='word_1_96' title='bbox 868 2085 911 2162; x_wconf 90' lang='lat' dir='ltr'><strong>et</strong></span> <span class='ocrx_word' id='word_1_97' title='bbox 915 2081 1225 2190; x_wconf 79' lang='lat' dir='ltr'><strong>possessionem</strong></span> <span class='ocrx_word' id='word_1_98' title='bbox 1243 2087 1367 2163; x_wconf 91' lang='lat' dir='ltr'><strong>taam</strong></span> <span class='ocrx_word' id='word_1_99' title='bbox 1381 2081 1588 2166; x_wconf 81' lang='lat' dir='ltr'><strong>temninas</strong></span> <span class='ocrx_word' id='word_1_100' title='bbox 1603 2085 1810 2167; x_wconf 72' lang='lat' dir='ltr'><strong>tenmeEt</strong></span> 
     </span>
     <span class='ocr_line' id='line_1_13' title="bbox 453 2219 1810 2331; baseline 0.001 -28"><span class='ocrx_word' id='word_1_101' title='bbox 453 2222 609 2304; x_wconf 93' lang='lat' dir='ltr'><strong>iterum</strong></span> <span class='ocrx_word' id='word_1_102' title='bbox 631 2220 740 2303; x_wconf 86' lang='lat' dir='ltr'><strong>dixit</strong></span> <span class='ocrx_word' id='word_1_103' title='bbox 761 2220 815 2302; x_wconf 89' lang='lat' dir='ltr'><strong>ad</strong></span> <span class='ocrx_word' id='word_1_104' title='bbox 832 2247 948 2302; x_wconf 87' lang='lat' dir='ltr'><strong>eum:</strong></span> <span class='ocrx_word' id='word_1_105' title='bbox 972 2219 1080 2302; x_wconf 81' lang='lat' dir='ltr'><strong>Sea&#39;e</strong></span> <span class='ocrx_word' id='word_1_106' title='bbox 1096 2219 1160 2300; x_wconf 79' lang='lat' dir='ltr'><strong>aet</strong></span> <span class='ocrx_word' id='word_1_107' title='bbox 1170 2219 1396 2302; x_wconf 69' lang='lat' dir='ltr'><strong>dexteram</strong></span> <span class='ocrx_word' id='word_1_108' title='bbox 1418 2247 1569 2319; x_wconf 86' lang='lat' dir='ltr'><strong>meam,</strong></span> <span class='ocrx_word' id='word_1_109' title='bbox 1592 2221 1720 2303; x_wconf 80' lang='lat' dir='ltr'><strong>donec</strong></span> <span class='ocrx_word' id='word_1_110' title='bbox 1730 2226 1810 2331; x_wconf 75' lang='lat' dir='ltr'><strong>po-</strong></span> 
     </span>
     <span class='ocr_line' id='line_1_14' title="bbox 453 2357 1808 2469; baseline -0.001 -27"><span class='ocrx_word' id='word_1_111' title='bbox 453 2387 557 2442; x_wconf 92' lang='lat' dir='ltr'><strong>nam</strong></span> <span class='ocrx_word' id='word_1_112' title='bbox 573 2359 770 2442; x_wconf 79' lang='lat' dir='ltr'><strong>inimicos</strong></span> <span class='ocrx_word' id='word_1_113' title='bbox 789 2364 886 2440; x_wconf 87' lang='lat' dir='ltr'><strong>taos</strong></span> <span class='ocrx_word' id='word_1_114' title='bbox 897 2358 974 2439; x_wconf 83' lang='lat' dir='ltr'><strong>snb</strong></span> <span class='ocrx_word' id='word_1_115' title='bbox 980 2357 1167 2466; x_wconf 77' lang='lat' dir='ltr'><strong>pedibas</strong></span> <span class='ocrx_word' id='word_1_116' title='bbox 1179 2360 1280 2440; x_wconf 87' lang='lat' dir='ltr'><strong>tnis.</strong></span> <span class='ocrx_word' id='word_1_117' title='bbox 1302 2358 1388 2465; x_wconf 72' lang='lat' dir='ltr'><strong>Qui</strong></span> <span class='ocrx_word' id='word_1_118' title='bbox 1407 2369 1510 2440; x_wconf 89' lang='lat' dir='ltr'><strong>sunt</strong></span> <span class='ocrx_word' id='word_1_119' title='bbox 1526 2385 1628 2469; x_wconf 85' lang='lat' dir='ltr'><strong>ergo</strong></span> <span class='ocrx_word' id='word_1_120' title='bbox 1645 2359 1808 2440; x_wconf 89' lang='lat' dir='ltr'><strong>inimici</strong></span> 
     </span>
     <span class='ocr_line' id='line_1_15' title="bbox 456 2494 1807 2605; baseline -0.004 -24"><span class='ocrx_word' id='word_1_121' title='bbox 456 2499 561 2581; x_wconf 91' lang='lat' dir='ltr'><strong>Dei?</strong></span> <span class='ocrx_word' id='word_1_122' title='bbox 585 2497 801 2580; x_wconf 89' lang='lat' dir='ltr'><strong>Homines</strong></span> <span class='ocrx_word' id='word_1_123' title='bbox 833 2495 946 2597; x_wconf 87' lang='lat' dir='ltr'><strong>mali,</strong></span> <span class='ocrx_word' id='word_1_124' title='bbox 971 2497 1044 2605; x_wconf 92' lang='lat' dir='ltr'><strong>qui</strong></span> <span class='ocrx_word' id='word_1_125' title='bbox 1069 2523 1153 2578; x_wconf 93' lang='lat' dir='ltr'><strong>non</strong></span> <span class='ocrx_word' id='word_1_126' title='bbox 1176 2494 1419 2578; x_wconf 89' lang='lat' dir='ltr'><strong>obaudiunt</strong></span> <span class='ocrx_word' id='word_1_127' title='bbox 1441 2495 1654 2579; x_wconf 89' lang='lat' dir='ltr'><strong>uoluntati</strong></span> <span class='ocrx_word' id='word_1_128' title='bbox 1678 2495 1807 2577; x_wconf 90' lang='lat' dir='ltr'><strong>illius.</strong></span> 
     </span>
     <span class='ocr_line' id='line_1_16' title="bbox 405 2634 1810 2744; baseline -0.003 -26"><span class='ocrx_word' id='word_1_129' title='bbox 405 2654 433 2707; x_wconf 80' lang='lat'><strong>¹⁵</strong></span> <span class='ocrx_word' id='word_1_130' title='bbox 511 2635 753 2718; x_wconf 88' lang='lat' dir='ltr'>XXXVII.</span> <span class='ocrx_word' id='word_1_131' title='bbox 781 2634 1024 2717; x_wconf 87' lang='lat' dir='ltr'><strong>Militemus</strong></span> <span class='ocrx_word' id='word_1_132' title='bbox 1043 2634 1199 2744; x_wconf 88' lang='lat' dir='ltr'><strong>itaque,</strong></span> <span class='ocrx_word' id='word_1_133' title='bbox 1219 2634 1382 2736; x_wconf 83' lang='lat' dir='ltr'><strong>fratres,</strong></span> <span class='ocrx_word' id='word_1_134' title='bbox 1407 2635 1647 2716; x_wconf 91' lang='lat' dir='ltr'><strong>cumomni</strong></span> <span class='ocrx_word' id='word_1_135' title='bbox 1670 2661 1810 2744; x_wconf 87' lang='lat' dir='ltr'><strong>perse-</strong></span> 
     </span>
    </p>
   </div>
   <div class='ocr_carea' id='block_1_3' title="bbox 453 2771 1832 3160">
    <p class='ocr_par' dir='ltr' id='par_1_3' title="bbox 453 2771 1832 3160">
     <span class='ocr_line' id='line_1_17' title="bbox 453 2771 1832 2882; baseline -0.004 -23"><span class='ocrx_word' id='word_1_136' title='bbox 453 2775 647 2859; x_wconf 89' lang='lat' dir='ltr'><strong>uerantia</strong></span> <span class='ocrx_word' id='word_1_137' title='bbox 683 2775 725 2856; x_wconf 93' lang='lat' dir='ltr'><strong>in</strong></span> <span class='ocrx_word' id='word_1_138' title='bbox 762 2771 1056 2856; x_wconf 86' lang='lat' dir='ltr'><strong>eminentibus</strong></span> <span class='ocrx_word' id='word_1_139' title='bbox 1090 2772 1299 2882; x_wconf 89' lang='lat' dir='ltr'><strong>preceptis</strong></span> <span class='ocrx_word' id='word_1_140' title='bbox 1335 2771 1438 2855; x_wconf 90' lang='lat' dir='ltr'><strong>eius.</strong></span> <span class='ocrx_word' id='word_1_141' title='bbox 1472 2772 1832 2856; x_wconf 85' lang='lat' dir='ltr'><strong>Consideremus·</strong></span> 
     </span>
     <span class='ocr_line' id='line_1_18' title="bbox 454 2910 1811 3022; baseline -0.001 -26"><span class='ocrx_word' id='word_1_142' title='bbox 454 2915 690 2996; x_wconf 88' lang='lat' dir='ltr'><strong>militantes</strong></span> <span class='ocrx_word' id='word_1_143' title='bbox 738 2910 1017 3022; x_wconf 88' lang='lat' dir='ltr'><strong>principibus,</strong></span> <span class='ocrx_word' id='word_1_144' title='bbox 1049 2937 1180 3021; x_wconf 92' lang='lat' dir='ltr'><strong>quam</strong></span> <span class='ocrx_word' id='word_1_145' title='bbox 1223 2925 1447 2994; x_wconf 85' lang='lat' dir='ltr'><strong>mansuete</strong></span> <span class='ocrx_word' id='word_1_146' title='bbox 1488 2912 1730 2995; x_wconf 87' lang='lat' dir='ltr'><strong>obaudiunt</strong></span> <span class='ocrx_word' id='word_1_147' title='bbox 1770 2924 1811 2995; x_wconf 89' lang='lat' dir='ltr'><strong>et</strong></span> 
     </span>
     <span class='ocr_line' id='line_1_19' title="bbox 454 3047 1810 3160; baseline 0 -28"><span class='ocrx_word' id='word_1_148' title='bbox 454 3053 573 3134; x_wconf 88' lang='lat' dir='ltr'><strong>iussa</strong></span> <span class='ocrx_word' id='word_1_149' title='bbox 608 3051 782 3151; x_wconf 81' lang='lat' dir='ltr'><strong>iaciunt,</strong></span> <span class='ocrx_word' id='word_1_150' title='bbox 816 3076 914 3160; x_wconf 86' lang='lat' dir='ltr'><strong>quae</strong></span> <span class='ocrx_word' id='word_1_151' title='bbox 950 3047 1270 3158; x_wconf 87' lang='lat' dir='ltr'><strong>praecipiuntur</strong></span> <span class='ocrx_word' id='word_1_152' title='bbox 1307 3049 1403 3132; x_wconf 82' lang='lat' dir='ltr'><strong>illis.</strong></span> <span class='ocrx_word' id='word_1_153' title='bbox 1449 3051 1507 3132; x_wconf 82' lang='lat' dir='ltr'><strong>Et</strong></span> <span class='ocrx_word' id='word_1_154' title='bbox 1541 3078 1626 3132; x_wconf 91' lang='lat' dir='ltr'><strong>non</strong></span> <span class='ocrx_word' id='word_1_155' title='bbox 1659 3079 1810 3132; x_wconf 89' lang='lat' dir='ltr'><strong>omnes</strong></span> 
     </span>
    </p>
   </div>
   <div class='ocr_carea' id='block_1_4' title="bbox 357 3307 1811 4857">
    <p class='ocr_par' dir='ltr' id='par_1_4' title="bbox 452 3307 1810 3635">
     <span class='ocr_line' id='line_1_20' title="bbox 496 3307 1810 3394; baseline -0.001 -21"><span class='ocrx_word' id='word_1_156' title='bbox 496 3335 519 3374; x_wconf 85' lang='lat'><strong>1.</strong></span> <span class='ocrx_word' id='word_1_157' title='bbox 546 3321 696 3390; x_wconf 80' lang='lat' dir='ltr'><strong>tamquam</strong></span> <span class='ocrx_word' id='word_1_158' title='bbox 713 3322 771 3389; x_wconf 76' lang='lat' dir='ltr'><strong>per</strong></span> <span class='ocrx_word' id='word_1_159' title='bbox 792 3314 934 3382; x_wconf 77' lang='lat' dir='ltr'><strong>speculum</strong></span> <span class='ocrx_word' id='word_1_160' title='bbox 966 3307 1107 3390; x_wconf 73' lang='lat' dir='ltr'><strong>uriienrus]</strong></span> <span class='ocrx_word' id='word_1_161' title='bbox 1200 3313 1225 3369; x_wconf 91' lang='lat'><strong>8.</strong></span> <span class='ocrx_word' id='word_1_162' title='bbox 1254 3313 1345 3387; x_wconf 59' lang='lat' dir='ltr'><strong>agitem</strong></span> <span class='ocrx_word' id='word_1_163' title='bbox 1375 3311 1515 3394; x_wconf 82' lang='lat' dir='ltr'><strong>arentem]</strong></span> <span class='ocrx_word' id='word_1_164' title='bbox 1553 3317 1598 3373; x_wconf 88' lang='lat' dir='ltr'><strong>Ita</strong></span> <span class='ocrx_word' id='word_1_165' title='bbox 1625 3317 1730 3386; x_wconf 82' lang='lat' dir='ltr'>LXX3</span> <span class='ocrx_word' id='word_1_166' title='bbox 1758 3316 1810 3372; x_wconf 87' lang='lat' dir='ltr'><strong>sed</strong></span> 
     </span>
     <span class='ocr_line' id='line_1_21' title="bbox 453 3392 1809 3474; baseline -0.001 -18"><span class='ocrx_word' id='word_1_167' title='bbox 453 3400 514 3474; x_wconf 91' lang='lat' dir='ltr'><strong>Syr.</strong></span> <span class='ocrx_word' id='word_1_168' title='bbox 532 3398 612 3454; x_wconf 88' lang='lat' dir='ltr'><strong>baud</strong></span> <span class='ocrx_word' id='word_1_169' title='bbox 628 3395 754 3454; x_wconf 85' lang='lat' dir='ltr'><strong>absimili</strong></span> <span class='ocrx_word' id='word_1_170' title='bbox 771 3392 1038 3453; x_wconf 84' lang='lat' dir='ltr'><strong>circumlocutione</strong></span> <span class='ocrx_word' id='word_1_171' title='bbox 1055 3393 1107 3450; x_wconf 85' lang='lat' dir='ltr'><strong>uti-</strong></span> <span class='ocrx_word' id='word_1_172' title='bbox 1159 3394 1246 3450; x_wconf 91' lang='lat' dir='ltr'><strong>codd.</strong></span> <span class='ocrx_word' id='word_1_173' title='bbox 1272 3396 1321 3452; x_wconf 82' lang='lat' dir='ltr'><strong>Gr,</strong></span> <span class='ocrx_word' id='word_1_174' title='bbox 1340 3406 1464 3470; x_wconf 88' lang='lat' dir='ltr'><strong>uterque</strong></span> <span class='ocrx_word' id='word_1_175' title='bbox 1481 3400 1498 3428; x_wconf 87' lang='lat'>“</span> <span class='ocrx_word' id='word_1_176' title='bbox 1520 3396 1595 3473; x_wconf 86' lang='lat' dir='ltr'><strong>ignis</strong></span> <span class='ocrx_word' id='word_1_177' title='bbox 1620 3397 1770 3455; x_wconf 86' lang='lat' dir='ltr'><strong>flammam</strong></span> <span class='ocrx_word' id='word_1_178' title='bbox 1786 3398 1809 3455; x_wconf 86' lang='lat'><strong>”.</strong></span> 
     </span>
     <span class='ocr_line' id='line_1_22' title="bbox 452 3474 1406 3553; baseline -0.004 -16"><span class='ocrx_word' id='word_1_179' title='bbox 452 3491 507 3538; x_wconf 86' lang='lat' dir='ltr'><strong>tur:</strong></span> <span class='ocrx_word' id='word_1_180' title='bbox 519 3481 537 3507; x_wconf 90' lang='lat'>“</span> <span class='ocrx_word' id='word_1_181' title='bbox 549 3476 701 3536; x_wconf 90' lang='lat' dir='ltr'><strong>videamus</strong></span> <span class='ocrx_word' id='word_1_182' title='bbox 712 3474 771 3553; x_wconf 84' lang='lat' dir='ltr'><strong>(sen</strong></span> <span class='ocrx_word' id='word_1_183' title='bbox 782 3475 1105 3553; x_wconf 87' lang='lat' dir='ltr'><strong>videbimus)tanquam</strong></span> <span class='ocrx_word' id='word_1_184' title='bbox 1200 3493 1226 3548; x_wconf 93' lang='lat'><strong>9.</strong></span> <span class='ocrx_word' id='word_1_185' title='bbox 1248 3475 1290 3532; x_wconf 88' lang='lat' dir='ltr'><strong>Ps.</strong></span> <span class='ocrx_word' id='word_1_186' title='bbox 1311 3495 1335 3545; x_wconf 85' lang='lat'><strong>2,</strong></span> <span class='ocrx_word' id='word_1_187' title='bbox 1352 3478 1406 3548; x_wconf 89' lang='lat'><strong>7-8.</strong></span> 
     </span>
     <span class='ocr_line' id='line_1_23' title="bbox 452 3551 1708 3635; baseline -0.001 -17"><span class='ocrx_word' id='word_1_188' title='bbox 452 3560 482 3618; x_wconf 93' lang='lat' dir='ltr'><strong>in</strong></span> <span class='ocrx_word' id='word_1_189' title='bbox 498 3560 621 3635; x_wconf 90' lang='lat' dir='ltr'><strong>speculo</strong></span> <span class='ocrx_word' id='word_1_190' title='bbox 636 3559 659 3616; x_wconf 86' lang='lat'><strong>&#39;&#39;.</strong></span> <span class='ocrx_word' id='word_1_191' title='bbox 674 3559 724 3617; x_wconf 90' lang='lat' dir='ltr'><strong>Gr.</strong></span> <span class='ocrx_word' id='word_1_192' title='bbox 742 3559 958 3632; x_wconf 85' lang='grc' dir='ltr'>ἐνοπτριζόμεθα.</span> <span class='ocrx_word' id='word_1_193' title='bbox 1202 3575 1246 3612; x_wconf 85' lang='lat'><strong>12.</strong></span> <span class='ocrx_word' id='word_1_194' title='bbox 1266 3559 1282 3586; x_wconf 86' lang='lat'><strong>“</strong></span> <span class='ocrx_word' id='word_1_195' title='bbox 1297 3556 1369 3615; x_wconf 86' lang='lat' dir='ltr'><strong>dicit</strong></span> <span class='ocrx_word' id='word_1_196' title='bbox 1381 3558 1396 3583; x_wconf 86' lang='lat'><strong>’&#39;</strong></span> <span class='ocrx_word' id='word_1_197' title='bbox 1411 3558 1461 3616; x_wconf 89' lang='lat' dir='ltr'><strong>Gr.</strong></span> <span class='ocrx_word' id='word_1_198' title='bbox 1478 3594 1518 3602; x_wconf 88' lang='lat'><strong>—</strong></span> <span class='ocrx_word' id='word_1_199' title='bbox 1534 3561 1578 3617; x_wconf 86' lang='lat' dir='ltr'><strong>Ps.</strong></span> <span class='ocrx_word' id='word_1_200' title='bbox 1599 3551 1708 3633; x_wconf 81' lang='lat'>109,&#39;1.</span> 
     </span>
    </p>

    <p class='ocr_par' dir='ltr' id='par_1_5' title="bbox 454 3636 1810 3794">
     <span class='ocr_line' id='line_1_24' title="bbox 494 3636 1810 3720; baseline -0.001 -22"><span class='ocrx_word' id='word_1_201' title='bbox 494 3661 520 3716; x_wconf 86' lang='lat'><strong>3.</strong></span> <span class='ocrx_word' id='word_1_202' title='bbox 534 3643 605 3699; x_wconf 90' lang='lat' dir='ltr'><strong>Post</strong></span> <span class='ocrx_word' id='word_1_203' title='bbox 622 3642 640 3670; x_wconf 88' lang='lat'><strong>“</strong></span> <span class='ocrx_word' id='word_1_204' title='bbox 655 3638 734 3698; x_wconf 91' lang='lat' dir='ltr'><strong>oculi</strong></span> <span class='ocrx_word' id='word_1_205' title='bbox 751 3641 766 3666; x_wconf 87' lang='lat'><strong>’&#39;</strong></span> <span class='ocrx_word' id='word_1_206' title='bbox 781 3650 838 3698; x_wconf 84' lang='lat' dir='ltr'><strong>tres</strong></span> <span class='ocrx_word' id='word_1_207' title='bbox 864 3638 980 3699; x_wconf 82' lang='lat' dir='ltr'><strong>litterae</strong></span> <span class='ocrx_word' id='word_1_208' title='bbox 1005 3655 1106 3698; x_wconf 84' lang='lat' dir='ltr'><strong>erasae</strong></span> <span class='ocrx_word' id='word_1_209' title='bbox 1203 3657 1244 3712; x_wconf 87' lang='lat'><strong>13.</strong></span> <span class='ocrx_word' id='word_1_210' title='bbox 1262 3638 1442 3714; x_wconf 73' lang='lat' dir='ltr'><strong>subpeditat</strong></span> <span class='ocrx_word' id='word_1_211' title='bbox 1456 3636 1526 3720; x_wconf 86' lang='lat' dir='ltr'><strong>tm&#39;s]</strong></span> <span class='ocrx_word' id='word_1_212' title='bbox 1547 3641 1589 3700; x_wconf 91' lang='lat' dir='ltr'><strong>Gr</strong></span> <span class='ocrx_word' id='word_1_213' title='bbox 1616 3641 1810 3700; x_wconf 84' lang='lat' dir='ltr'><strong>“scabellum</strong></span> 
     </span>
     <span class='ocr_line' id='line_1_25' title="bbox 454 3720 1445 3794; baseline -0.002 -13"><span class='ocrx_word' id='word_1_214' title='bbox 454 3725 581 3782; x_wconf 84' lang='lat' dir='ltr'><strong>suerunt.</strong></span> <span class='ocrx_word' id='word_1_215' title='bbox 1158 3720 1271 3794; x_wconf 92' lang='lat' dir='ltr'><strong>pedum</strong></span> <span class='ocrx_word' id='word_1_216' title='bbox 1288 3731 1407 3777; x_wconf 90' lang='lat' dir='ltr'><strong>tuorum</strong></span> <span class='ocrx_word' id='word_1_217' title='bbox 1422 3721 1445 3779; x_wconf 85' lang='lat'><strong>’&#39;.</strong></span> 
     </span>
    </p>

    <p class='ocr_par' dir='ltr' id='par_1_6' title="bbox 493 3796 1485 3881">
     <span class='ocr_line' id='line_1_26' title="bbox 493 3796 1485 3881; baseline 0.001 -21"><span class='ocrx_word' id='word_1_218' title='bbox 493 3827 519 3875; x_wconf 84' lang='lat'><strong>4.</strong></span> <span class='ocrx_word' id='word_1_219' title='bbox 538 3798 680 3881; x_wconf 81' lang='lat' dir='ltr'><strong>refleruit]</strong></span> <span class='ocrx_word' id='word_1_220' title='bbox 696 3803 746 3862; x_wconf 89' lang='lat' dir='ltr'><strong>Gr.</strong></span> <span class='ocrx_word' id='word_1_221' title='bbox 771 3805 787 3833; x_wconf 91' lang='lat'><strong>“</strong></span> <span class='ocrx_word' id='word_1_222' title='bbox 803 3799 965 3860; x_wconf 88' lang='lat' dir='ltr'><strong>reflorescit</strong></span> <span class='ocrx_word' id='word_1_223' title='bbox 980 3802 1003 3858; x_wconf 89' lang='lat'><strong>’&#39;.</strong></span> <span class='ocrx_word' id='word_1_224' title='bbox 1203 3819 1246 3871; x_wconf 87' lang='lat'><strong>14.</strong></span> <span class='ocrx_word' id='word_1_225' title='bbox 1263 3796 1336 3879; x_wconf 81' lang='lat' dir='ltr'><strong>Dei]</strong></span> <span class='ocrx_word' id='word_1_226' title='bbox 1352 3820 1411 3860; x_wconf 91' lang='lat' dir='ltr'><strong>om.</strong></span> <span class='ocrx_word' id='word_1_227' title='bbox 1435 3803 1485 3861; x_wconf 88' lang='lat' dir='ltr'><strong>Gr.</strong></span> 
     </span>
    </p>

    <p class='ocr_par' dir='ltr' id='par_1_7' title="bbox 357 3880 1811 4203">
     <span class='ocr_line' id='line_1_27' title="bbox 493 3880 1811 3964; baseline 0.001 -21"><span class='ocrx_word' id='word_1_228' title='bbox 493 3886 524 3943; x_wconf 90' lang='lat' dir='ltr'><strong>in</strong></span> <span class='ocrx_word' id='word_1_229' title='bbox 539 3880 609 3964; x_wconf 74' lang='lat' dir='ltr'><strong>laice]</strong></span> <span class='ocrx_word' id='word_1_230' title='bbox 626 3885 686 3958; x_wconf 72' lang='lat' dir='ltr'><strong>Syr.</strong></span> <span class='ocrx_word' id='word_1_231' title='bbox 711 3894 739 3942; x_wconf 88' lang='lat' dir='ltr'><strong>et</strong></span> <span class='ocrx_word' id='word_1_232' title='bbox 766 3884 860 3943; x_wconf 90' lang='lat' dir='ltr'><strong>Clem.</strong></span> <span class='ocrx_word' id='word_1_233' title='bbox 885 3884 968 3940; x_wconf 85' lang='lat' dir='ltr'><strong>Alex.</strong></span> <span class='ocrx_word' id='word_1_234' title='bbox 987 3885 1004 3912; x_wconf 87' lang='lat'><strong>“</strong></span> <span class='ocrx_word' id='word_1_235' title='bbox 1019 3880 1049 3940; x_wconf 93' lang='lat' dir='ltr'><strong>in</strong></span> <span class='ocrx_word' id='word_1_236' title='bbox 1066 3883 1106 3940; x_wconf 93' lang='lat' dir='ltr'><strong>lu·</strong></span> <span class='ocrx_word' id='word_1_237' title='bbox 1197 3881 1253 3956; x_wconf 83' lang='lat' dir='ltr'><strong>qni</strong></span> <span class='ocrx_word' id='word_1_238' title='bbox 1273 3901 1329 3940; x_wconf 88' lang='lat' dir='ltr'><strong>non</strong></span> <span class='ocrx_word' id='word_1_239' title='bbox 1353 3880 1524 3963; x_wconf 82' lang='lat' dir='ltr'><strong>obaudiant]</strong></span> <span class='ocrx_word' id='word_1_240' title='bbox 1548 3886 1597 3944; x_wconf 88' lang='lat' dir='ltr'><strong>Gr.</strong></span> <span class='ocrx_word' id='word_1_241' title='bbox 1627 3887 1689 3944; x_wconf 87' lang='lat' dir='ltr'><strong>“et</strong></span> <span class='ocrx_word' id='word_1_242' title='bbox 1715 3883 1811 3960; x_wconf 88' lang='lat' dir='ltr'><strong>quise</strong></span> 
     </span>
     <span class='ocr_line' id='line_1_28' title="bbox 357 3961 1355 4039; baseline -0.006 -11"><span class='ocrx_word' id='word_1_243' title='bbox 357 4026 359 4028; x_wconf 83' lang='lat'>.</span> <span class='ocrx_word' id='word_1_244' title='bbox 452 3968 560 4039; x_wconf 83' lang='lat' dir='ltr'><strong>cem&#39;&#39;;</strong></span> <span class='ocrx_word' id='word_1_245' title='bbox 596 3966 662 4024; x_wconf 91' lang='lat' dir='ltr'><strong>cod.</strong></span> <span class='ocrx_word' id='word_1_246' title='bbox 689 3966 772 4023; x_wconf 89' lang='lat' dir='ltr'><strong>Alex.</strong></span> <span class='ocrx_word' id='word_1_247' title='bbox 802 3968 819 3994; x_wconf 93' lang='lat'><strong>“</strong></span> <span class='ocrx_word' id='word_1_248' title='bbox 845 3962 874 4020; x_wconf 90' lang='lat' dir='ltr'><strong>in</strong></span> <span class='ocrx_word' id='word_1_249' title='bbox 900 3961 1104 4022; x_wconf 82' lang='lat' dir='ltr'><strong>admirabilem</strong></span> <span class='ocrx_word' id='word_1_250' title='bbox 1158 3975 1316 4037; x_wconf 88' lang='lat' dir='ltr'><strong>opponunt</strong></span> <span class='ocrx_word' id='word_1_251' title='bbox 1331 3965 1355 4022; x_wconf 90' lang='lat'><strong>&#39;&#39;.</strong></span> 
     </span>
     <span class='ocr_line' id='line_1_29' title="bbox 452 4042 1810 4125; baseline -0.001 -20"><span class='ocrx_word' id='word_1_252' title='bbox 452 4049 549 4106; x_wconf 90' lang='lat' dir='ltr'><strong>lucem</strong></span> <span class='ocrx_word' id='word_1_253' title='bbox 566 4045 629 4106; x_wconf 86' lang='lat' dir='ltr'><strong>eius</strong></span> <span class='ocrx_word' id='word_1_254' title='bbox 643 4048 671 4118; x_wconf 73' lang='lat'><strong>”5</strong></span> <span class='ocrx_word' id='word_1_255' title='bbox 696 4047 798 4106; x_wconf 91' lang='lat' dir='ltr'><strong>Const.</strong></span> <span class='ocrx_word' id='word_1_256' title='bbox 818 4044 877 4102; x_wconf 88' lang='lat' dir='ltr'><strong>“in</strong></span> <span class='ocrx_word' id='word_1_257' title='bbox 900 4043 1103 4104; x_wconf 84' lang='lat' dir='ltr'><strong>admirabilem</strong></span> <span class='ocrx_word' id='word_1_258' title='bbox 1202 4046 1245 4101; x_wconf 87' lang='lat'><strong>16.</strong></span> <span class='ocrx_word' id='word_1_259' title='bbox 1270 4042 1468 4125; x_wconf 68' lang='lat' dir='ltr'><strong>enubentibus]</strong></span> <span class='ocrx_word' id='word_1_260' title='bbox 1498 4047 1700 4118; x_wconf 62' lang='lat' dir='ltr'><strong>Callinipaza,</strong></span> <span class='ocrx_word' id='word_1_261' title='bbox 1730 4046 1810 4106; x_wconf 87' lang='lat' dir='ltr'><strong>idem</strong></span> 
     </span>
     <span class='ocr_line' id='line_1_30' title="bbox 453 4123 1809 4203; baseline 0 -17"><span class='ocrx_word' id='word_1_262' title='bbox 453 4131 549 4186; x_wconf 87' lang='lat' dir='ltr'><strong>lucem</strong></span> <span class='ocrx_word' id='word_1_263' title='bbox 566 4129 589 4187; x_wconf 90' lang='lat'><strong>’&#39;.</strong></span> <span class='ocrx_word' id='word_1_264' title='bbox 756 4160 758 4164; x_wconf 83' lang='lat'><em>.</em></span> <span class='ocrx_word' id='word_1_265' title='bbox 909 4176 912 4182; x_wconf 93' lang='lat'>.</span> <span class='ocrx_word' id='word_1_266' title='bbox 1157 4123 1335 4184; x_wconf 86' lang='lat' dir='ltr'><strong>adiectivum</strong></span> <span class='ocrx_word' id='word_1_267' title='bbox 1352 4128 1435 4202; x_wconf 92' lang='lat' dir='ltr'><strong>quod</strong></span> <span class='ocrx_word' id='word_1_268' title='bbox 1464 4147 1551 4203; x_wconf 86' lang='lat' dir='ltr'><strong>supra</strong></span> <span class='ocrx_word' id='word_1_269' title='bbox 1567 4131 1584 4186; x_wconf 94' lang='lat' dir='ltr'><strong>l.</strong></span> <span class='ocrx_word' id='word_1_270' title='bbox 1607 4149 1616 4185; x_wconf 90' lang='lat'>1</span> <span class='ocrx_word' id='word_1_271' title='bbox 1636 4130 1809 4188; x_wconf 86' lang='lat' dir='ltr'><strong>translatum</strong></span> 
     </span>
    </p>

    <p class='ocr_par' dir='ltr' id='par_1_8' title="bbox 454 4204 1810 4369">
     <span class='ocr_line' id='line_1_31' title="bbox 493 4204 1502 4286; baseline 0.001 -19"><span class='ocrx_word' id='word_1_272' title='bbox 493 4204 727 4286; x_wconf 78' lang='lat' dir='ltr'><strong>inmortalitatis]</strong></span> <span class='ocrx_word' id='word_1_273' title='bbox 754 4207 930 4282; x_wconf 86' lang='lat' dir='ltr'><strong>Legendum</strong></span> <span class='ocrx_word' id='word_1_274' title='bbox 954 4209 972 4238; x_wconf 89' lang='lat'><strong>“</strong></span> <span class='ocrx_word' id='word_1_275' title='bbox 997 4205 1105 4266; x_wconf 91' lang='lat' dir='ltr'><strong>inmor-</strong></span> <span class='ocrx_word' id='word_1_276' title='bbox 1158 4217 1201 4264; x_wconf 89' lang='lat' dir='ltr'><strong>est</strong></span> <span class='ocrx_word' id='word_1_277' title='bbox 1219 4209 1236 4236; x_wconf 82' lang='lat'><strong>“</strong></span> <span class='ocrx_word' id='word_1_278' title='bbox 1252 4206 1463 4266; x_wconf 82' lang='lat' dir='ltr'><strong>inmaculatam</strong></span> <span class='ocrx_word' id='word_1_279' title='bbox 1479 4211 1502 4268; x_wconf 91' lang='lat'><strong>&#39;’.</strong></span> 
     </span>
     <span class='ocr_line' id='line_1_32' title="bbox 454 4286 1810 4369; baseline 0.001 -20"><span class='ocrx_word' id='word_1_280' title='bbox 454 4291 519 4349; x_wconf 87' lang='lat' dir='ltr'><strong>talis</strong></span> <span class='ocrx_word' id='word_1_281' title='bbox 535 4293 549 4318; x_wconf 89' lang='lat'><strong>”</strong></span> <span class='ocrx_word' id='word_1_282' title='bbox 565 4290 644 4348; x_wconf 88' lang='lat' dir='ltr'><strong>iuxta</strong></span> <span class='ocrx_word' id='word_1_283' title='bbox 661 4292 710 4348; x_wconf 89' lang='lat' dir='ltr'><strong>Gr.</strong></span> <span class='ocrx_word' id='word_1_284' title='bbox 725 4291 865 4346; x_wconf 74' lang='grc' dir='ltr'>ἀθανάτου.</span> <span class='ocrx_word' id='word_1_285' title='bbox 1201 4304 1244 4361; x_wconf 86' lang='lat'><strong>17.</strong></span> <span class='ocrx_word' id='word_1_286' title='bbox 1272 4286 1464 4369; x_wconf 68' lang='lat' dir='ltr'><strong>principibus]</strong></span> <span class='ocrx_word' id='word_1_287' title='bbox 1501 4293 1518 4322; x_wconf 91' lang='lat'><strong>“</strong></span> <span class='ocrx_word' id='word_1_288' title='bbox 1554 4289 1661 4350; x_wconf 90' lang='lat' dir='ltr'><strong>nostris</strong></span> <span class='ocrx_word' id='word_1_289' title='bbox 1697 4293 1712 4319; x_wconf 76' lang='lat'><strong>’²</strong></span> <span class='ocrx_word' id='word_1_290' title='bbox 1740 4292 1810 4350; x_wconf 88' lang='lat' dir='ltr'><strong>add.</strong></span> 
     </span>
    </p>

    <p class='ocr_par' dir='ltr' id='par_1_9' title="bbox 452 4367 1811 4532">
     <span class='ocr_line' id='line_1_33' title="bbox 494 4367 1208 4449; baseline -0.004 -20"><span class='ocrx_word' id='word_1_291' title='bbox 494 4390 519 4447; x_wconf 81' lang='lat'><strong>5.</strong></span> <span class='ocrx_word' id='word_1_292' title='bbox 536 4372 658 4430; x_wconf 73' lang='lat' dir='ltr'><strong>scientia</strong></span> <span class='ocrx_word' id='word_1_293' title='bbox 669 4367 800 4449; x_wconf 26' lang='lat' dir='ltr'><strong>prusiam]</strong></span> <span class='ocrx_word' id='word_1_294' title='bbox 813 4371 996 4430; x_wconf 85' lang='lat' dir='ltr'><strong>Graecanica</strong></span> <span class='ocrx_word' id='word_1_295' title='bbox 1012 4370 1104 4428; x_wconf 86' lang='lat' dir='ltr'><strong>dictio</strong></span> <span class='ocrx_word' id='word_1_296' title='bbox 1158 4369 1208 4428; x_wconf 88' lang='lat' dir='ltr'><strong>Gr.</strong></span> 
     </span>
     <span class='ocr_line' id='line_1_34' title="bbox 452 4450 1811 4532; baseline 0.003 -24"><span class='ocrx_word' id='word_1_297' title='bbox 452 4456 575 4530; x_wconf 70' lang='grc' dir='ltr'>γνώσεως</span> <span class='ocrx_word' id='word_1_298' title='bbox 588 4459 737 4526; x_wconf 71' lang='grc' dir='ltr'>γεύσασθαι.</span> <span class='ocrx_word' id='word_1_299' title='bbox 1196 4471 1283 4526; x_wconf 87' lang='lat' dir='ltr'><strong>qnam</strong></span> <span class='ocrx_word' id='word_1_300' title='bbox 1295 4461 1439 4510; x_wconf 82' lang='lat' dir='ltr'><strong>nramnete</strong></span> <span class='ocrx_word' id='word_1_301' title='bbox 1462 4450 1634 4532; x_wconf 83' lang='lat' dir='ltr'><strong>obaudiant]</strong></span> <span class='ocrx_word' id='word_1_302' title='bbox 1651 4455 1700 4513; x_wconf 84' lang='lat' dir='ltr'><strong>Gr.</strong></span> <span class='ocrx_word' id='word_1_303' title='bbox 1720 4455 1811 4529; x_wconf 86' lang='lat' dir='ltr'><strong>magis</strong></span> 
     </span>
    </p>

    <p class='ocr_par' dir='ltr' id='par_1_10' title="bbox 454 4528 1810 4693">
     <span class='ocr_line' id='line_1_35' title="bbox 494 4528 1810 4611; baseline -0.002 -19"><span class='ocrx_word' id='word_1_304' title='bbox 494 4537 520 4592; x_wconf 88' lang='lat'><strong>6.</strong></span> <span class='ocrx_word' id='word_1_305' title='bbox 538 4528 825 4611; x_wconf 78' lang='lat' dir='ltr'><strong>nratarangelarnm]</strong></span> <span class='ocrx_word' id='word_1_306' title='bbox 848 4532 1105 4592; x_wconf 88' lang='lat' dir='ltr'><strong>Genetlvuscom-</strong></span> <span class='ocrx_word' id='word_1_307' title='bbox 1157 4531 1293 4608; x_wconf 88' lang='lat' dir='ltr'><strong>exprimit</strong></span> <span class='ocrx_word' id='word_1_308' title='bbox 1316 4554 1321 4590; x_wconf 92' lang='lat'>:</span> <span class='ocrx_word' id='word_1_309' title='bbox 1350 4543 1409 4598; x_wconf 80' lang='grc' dir='ltr'><strong>πῶς</strong></span> <span class='ocrx_word' id='word_1_310' title='bbox 1433 4536 1576 4602; x_wconf 79' lang='grc' dir='ltr'>εὐτάκτως,</span> <span class='ocrx_word' id='word_1_311' title='bbox 1599 4544 1658 4599; x_wconf 81' lang='grc' dir='ltr'><strong>πῶς</strong></span> <span class='ocrx_word' id='word_1_312' title='bbox 1680 4537 1810 4603; x_wconf 66' lang='lat' dir='ltr'><strong>alteratae,</strong></span> 
     </span>
     <span class='ocr_line' id='line_1_36' title="bbox 454 4613 1456 4693; baseline -0.004 -18"><span class='ocrx_word' id='word_1_313' title='bbox 454 4613 614 4693; x_wconf 81' lang='lat' dir='ltr'><strong>parationls</strong></span> <span class='ocrx_word' id='word_1_314' title='bbox 623 4643 648 4662; x_wconf 95' lang='lat'>=</span> <span class='ocrx_word' id='word_1_315' title='bbox 658 4615 754 4686; x_wconf 80' lang='grc' dir='ltr'>μείζων</span> <span class='ocrx_word' id='word_1_316' title='bbox 769 4613 1103 4689; x_wconf 68' lang='grc' dir='ltr'><strong>ἂγγέλων.(ἷ[,Κοθηεεὴ,</strong></span> <span class='ocrx_word' id='word_1_317' title='bbox 1156 4621 1215 4676; x_wconf 83' lang='grc' dir='ltr'><strong>πῶς</strong></span> <span class='ocrx_word' id='word_1_318' title='bbox 1225 4615 1456 4689; x_wconf 72' lang='grc' dir='ltr'>ὕποτεταιγμένως.</span> 
     </span>
    </p>

    <p class='ocr_par' dir='ltr' id='par_1_11' title="bbox 453 4692 1462 4775">
     <span class='ocr_line' id='line_1_37' title="bbox 453 4692 1462 4775; baseline -0.002 -21"><span class='ocrx_word' id='word_1_319' title='bbox 453 4719 480 4775; x_wconf 91' lang='lat' dir='ltr'><strong>p.</strong></span> <span class='ocrx_word' id='word_1_320' title='bbox 498 4715 565 4773; x_wconf 86' lang='lat'>435.</span> <span class='ocrx_word' id='word_1_321' title='bbox 1202 4697 1245 4753; x_wconf 86' lang='lat'><strong>18.</strong></span> <span class='ocrx_word' id='word_1_322' title='bbox 1262 4692 1319 4774; x_wconf 85' lang='lat' dir='ltr'><strong>Et]</strong></span> <span class='ocrx_word' id='word_1_323' title='bbox 1336 4715 1394 4754; x_wconf 89' lang='lat' dir='ltr'><strong>om.</strong></span> <span class='ocrx_word' id='word_1_324' title='bbox 1413 4697 1462 4755; x_wconf 87' lang='lat' dir='ltr'><strong>Gr.</strong></span> 
     </span>
    </p>

    <p class='ocr_par' dir='ltr' id='par_1_12' title="bbox 498 4775 1103 4857">
     <span class='ocr_line' id='line_1_38' title="bbox 498 4775 1103 4857; baseline -0.002 -21"><span class='ocrx_word' id='word_1_325' title='bbox 498 4797 522 4854; x_wconf 87' lang='lat'><strong>7.</strong></span> <span class='ocrx_word' id='word_1_326' title='bbox 535 4775 625 4857; x_wconf 81' lang='lat' dir='ltr'><strong>enim]</strong></span> <span class='ocrx_word' id='word_1_327' title='bbox 640 4782 656 4829; x_wconf 61' lang='lat'><strong>*⁴</strong></span> <span class='ocrx_word' id='word_1_328' title='bbox 669 4777 710 4834; x_wconf 86' lang='lat' dir='ltr'><strong>sic</strong></span> <span class='ocrx_word' id='word_1_329' title='bbox 723 4779 737 4803; x_wconf 90' lang='lat'><strong>”</strong></span> <span class='ocrx_word' id='word_1_330' title='bbox 749 4777 817 4835; x_wconf 85' lang='lat' dir='ltr'><strong>add.</strong></span> <span class='ocrx_word' id='word_1_331' title='bbox 829 4777 879 4834; x_wconf 91' lang='lat' dir='ltr'><strong>Gr.</strong></span> <span class='ocrx_word' id='word_1_332' title='bbox 892 4813 933 4820; x_wconf 93' lang='lat'>—</span> <span class='ocrx_word' id='word_1_333' title='bbox 945 4779 990 4836; x_wconf 86' lang='lat' dir='ltr'><strong>Ps.</strong></span> <span class='ocrx_word' id='word_1_334' title='bbox 1008 4796 1103 4852; x_wconf 85' lang='lat'>103‚4.</span> 
     </span>
    </p>
   </div>
   <div class='ocr_carea' id='block_1_5' title="bbox 0 0 2081 5578">
    <p class='ocr_par' dir='ltr' id='par_1_13' title="bbox 0 0 2081 5578">
     <span class='ocr_line' id='line_1_39' title="bbox 0 0 2081 5578; baseline 0 0"><span class='ocrx_word' id='word_1_335' title='bbox 0 0 2081 5578; x_wconf 95' lang='lat' dir='ltr'><strong> </strong></span> 
     </span>
    </p>
   </div>
  </div>
 </body>
</html>
