4146 5578
420 479 446 558 8
741 513 746 525 ·
842 490 1088 556 cunuuurrs
1111 493 1360 555 missuum
1705 496 1792 579 [νιν-

419 715 533 799 enim
553 725 736 796 scemate
751 725 970 814 sumus‚et
986 713 1172 796 eundem
1190 725 1402 796 certamen
1421 715 1547 798 nobis
1565 717 1773 801 imminet.

424 857 575 964 Itaque
608 853 904 962 relinquamus
941 879 1076 935 uanas
1097 879 1232 952 curas
1256 865 1300 936 et
1319 854 1546 938 ueniamus
1580 855 1635 938 ad
1654 853 1777 940 ¹exor-

421 1005 571 1074 natum
589 1003 630 1073 et
647 1002 845 1074 sanctum
863 989 1070 1072 doctrinae
1083 993 1340 1101 exemplum,
1360 1005 1402 1074 et
1419 993 1646 1078 uideamus
1659 977 1775 1106 quod

420 1143 485 1214 est
506 1130 669 1212 bonum
703 1142 744 1211 et
777 1155 911 1210 suaue
946 1141 987 1210 et
1022 1129 1278 1238 acceptabile
1300 1158 1441 1212 coram
1467 1133 1562 1214 Deo
1583 1134 1657 1244 qui
1680 1134 1777 1217 lecit

421 1297 509 1352 nos.
553 1269 806 1350 Intueamur
843 1268 886 1349 in
924 1269 1138 1379 sanguine
1173 1269 1350 1372 Christi,
1389 1283 1431 1353 et
1463 1299 1777 1383 cognoscamus
1814 1309 1827 1360 s

418 1434 548 1518 quam
572 1405 809 1516 preclarum
845 1406 901 1513 sit
937 1406 1046 1517 patri
1083 1407 1191 1509 eius,
1230 1409 1349 1518 quod
1381 1423 1555 1520 propter
1584 1425 1776 1495 nostram

419 1546 603 1628 salutem
624 1545 788 1626 effusus
810 1545 929 1626 omni
952 1544 1044 1628 orbi
1068 1557 1278 1628 terrarum
1309 1548 1593 1657 penitentiam
1616 1551 1773 1634 intulit.

420 1684 664 1768 Ueniamus
697 1683 750 1764 ad
784 1683 931 1764 omnia
964 1683 1116 1784 secula,
1161 1696 1203 1765 et
1238 1685 1561 1769 consideremus
1596 1689 1698 1798 quia
1734 1690 1776 1771 in

420 1821 562 1905 secula
602 1822 883 1930 poenitenciae
924 1820 1043 1903 dedit
1083 1821 1225 1904 locum
1270 1823 1491 1906 Dominus
1528 1825 1777 1909 uolentibus

419 1959 611 2043 conuerti
645 1959 696 2040 ad
735 1987 845 2041 eum.
874 1959 969 2041 Noe
1003 1959 1240 2069 predicauit
1276 1962 1600 2070 poenitentiam,
1630 1975 1672 2046 et
1702 1967 1775 2075 qui
1799 2009 1828 2044 10

418 2098 705 2182 obaudierunt
741 2098 849 2179 salui
874 2097 970 2178 lacti
991 2110 1102 2180 sunt.
1134 2099 1264 2180 Ionas
1292 2099 1508 2182 Niniuitis
1539 2102 1778 2210 predicauit

417 2237 686 2320 euersionem
706 2267 713 2336 ;
736 2249 777 2318 et
798 2237 900 2346 quia
922 2236 1233 2346 poenitentiam
1270 2252 1452 2348 egerunt
1474 2251 1648 2348 propter
1683 2268 1777 2350 pec-

417 2391 509 2459 cata
531 2404 620 2475 sua,
644 2388 931 2457 extimuerunt
965 2375 1108 2456 Deum
1140 2373 1430 2484 deprecantes,
1455 2390 1496 2458 et
1524 2391 1777 2487 acceperunt

418 2515 613 2613 salutem,
637 2513 842 2624 quamuis
863 2525 984 2594 erant
1005 2513 1133 2595 alieni
1154 2514 1263 2594 Deo.

350 2763 353 2771 .
474 2654 603 2735 VIII.
641 2655 750 2734 Item
771 2651 957 2732 ministri
974 2651 1127 2761 gratiae
1143 2650 1225 2732 Dei
1242 2651 1553 2761 perSpiritum
1578 2667 1776 2737 sanctum
1798 2692 1826 2746 ις

416 2819 568 2874 omnes
590 2791 643 2874 de
664 2790 930 2901 poenitentia
951 2801 1053 2872 sunt
1076 2789 1220 2891 locuti,
1244 2801 1288 2874 et
1309 2790 1401 2899 ipse
1426 2792 1546 2873 Deus
1578 2793 1775 2875 omnium

416 2931 469 3014 de
490 2929 755 3042 poenitentia
786 2929 895 3012 dixit
931 2955 1029 3010 cum
1063 2927 1376 3010 iureiurando:
1414 2929 1530 3012 Uirro
1550 2957 1635 3039 egr),
1656 2931 1778 3013 dz'rrr‘t

460 3116 483 3155 1.
500 3091 628 3174 scemate]
650 3093 848 3155 Scribendum
864 3103 925 3152 erat
946 3095 963 3123 “
978 3111 1071 3151 scam·
1125 3096 1142 3123 “
1157 3091 1187 3150 in
1202 3091 1379 3168 sanguinem
1395 3093 1418 3152 ’'.
1435 3092 1481 3154 Cf.
1499 3091 1602 3168 inlra§
1621 3115 1663 3170 19.

417 3189 496 3237 mate
511 3179 533 3237 ''.
552 3179 600 3237 Gr.
616 3180 763 3249 σκάμματι.
1163 3177 1189 3233 6.
1199 3174 1290 3252 patri
1308 3169 1379 3252 eius]
1405 3176 1452 3232 Ita
1470 3175 1532 3250 Syr.
1556 3187 1584 3234 et
1608 3176 1686 3234 hanc
1712 3195 1777 3236 esse

335 3328 337 3332 ¹
456 3255 587 3338 eundem]
599 3256 715 3316 Primae
727 3257 841 3316 litterae
854 3265 957 3332 postea
968 3274 1069 3315 erasae
1121 3259 1282 3332 genuinam
1313 3256 1472 3314 lectionem
1500 3255 1654 3332 Lightfoot
1682 3257 1777 3318 existi-

416 3353 493 3414 sunt,
511 3351 543 3399 ut
555 3343 699 3417 legeretur
713 3343 730 3370 “
744 3337 825 3398 idem
837 3340 860 3397 '’.
874 3336 1068 3413 Sedvideap.
1122 3337 1220 3396 mavit.
1253 3337 1328 3400 Cod.
1368 3338 1471 3397 Const.
1502 3337 1585 3396 addit
1613 3343 1630 3368 ‘⁴
1652 3341 1718 3398 Deo
1740 3341 1776 3412 ”5

417 3423 558 3482 Roensch
575 3441 600 3498 p.
631 3437 687 3495 277
706 3442 711 3479 :
734 3421 896 3479 “eundem
919 3430 1069 3478 certamen
1122 3419 1349 3489 Alexandrinus,
1365 3430 1510 3494 quantum
1526 3419 1666 3480 conicere
1681 3419 1750 3480 licet
1768 3443 1774 3480 :

417 3505 560 3564 habentes
570 3505 593 3561 ’'.
1123 3504 1140 3532 “
1157 3502 1224 3560 Deo
1240 3511 1269 3559 et
1285 3501 1359 3575 patri
1375 3499 1438 3559 eius
1455 3501 1476 3558 ’'.

459 3608 483 3644 2.
514 3581 621 3664 uanas]
658 3585 708 3643 Gr.
747 3582 863 3660 plenius
894 3605 900 3642 :
926 3587 1002 3646 κενὰς
1026 3585 1070 3638 καὶ
1164 3577 1413 3660 7.'pcnt'tentiam]
1447 3583 1493 3642 Ita
1522 3583 1605 3658 Syr.;
1641 3584 1774 3643 Graecus

418 3670 536 3738 ματαίας.
1121 3682 1190 3722 vero
1207 3661 1438 3738 “paenitentiae
1453 3665 1576 3739 gratiam
1587 3665 1610 3723 ”.

456 3744 641 3826 exornatum]
671 3747 776 3807 Codex
813 3749 830 3777 “
860 3754 1014 3805 exoratum
1044 3744 1066 3802 ''.
1161 3741 1276 3822 intulit]
1290 3742 1431 3803 Similiter
1441 3747 1772 3820 codConsttmlvepam

416 3831 508 3906 Quod
523 3829 701 3890 vocabulum
725 3827 799 3903 quid
825 3826 880 3886 sibi
895 3827 983 3885 vellet
999 3843 1068 3883 cum
1121 3826 1279 3886 Alexandr.
1297 3821 1326 3883 et
1338 3826 1398 3901 Syr.
1420 3829 1573 3905 ὑπήνεγκεν,
1590 3831 1606 3858 “
1619 3825 1737 3886 sustulit
1749 3825 1772 3882 ''.

416 3913 468 3970 dtu
497 3913 603 3970 frustra
635 3909 837 3986 quaesiissem,
874 3908 1068 3985 postmodum
1162 3911 1187 3966 8.
1205 3903 1351 3986 macula]
1368 3908 1417 3966 Gr.
1436 3909 1460 3964 ἐν
1473 3917 1549 3983 γενεᾷ
1561 3913 1606 3965 καὶ
1617 3916 1703 3984 γενεᾷ.

416 3991 611 4052 animadverti
636 4011 741 4052 vocem
768 3991 876 4058 ἐνδόξων
902 3989 1005 4062 infra§
1034 4009 1068 4064 19
1163 4009 1188 4064 9.
1233 3985 1393 4067 Dominus]
1447 3987 1548 4066 scripsi
1593 3987 1681 4059 iuxta
1723 3989 1773 4047 Gr.

416 4073 506 4134 latine
521 4074 670 4133 redditam
685 4073 775 4132 fuisse
793 4073 809 4100 ‘⁴
824 4082 929 4130 ornata
943 4071 966 4130 '’.
992 4072 1068 4129 Iam·
1120 4073 1287 4140 ducendane.
1311 4071 1417 4132 Codex
1444 4068 1618 4128 “omnibus
1638 4070 1660 4128 ''.
1685 4069 1772 4130 Conl.

416 4175 486 4216 vero
510 4152 696 4222 ουηνένδοξος
718 4166 748 4214 et
772 4153 855 4228 quod
885 4154 933 4210 hle
962 4151 1068 4228 legitur
1120 4150 1195 4210 insra
1209 4153 1237 4225 ἐξ
1252 4155 1290 4208 60
1306 4154 1397 4223 et61,
1415 4150 1466 4210 ubi
1482 4152 1662 4210 vocabulum
1687 4151 1775 4209 “Do-

417 4239 527 4307 εὐκλεής
540 4239 599 4295 fere
612 4235 691 4294 idem
704 4234 879 4313 significent,
895 4233 924 4292 in
936 4245 1066 4293 mentem
1120 4233 1200 4291 mine
1216 4236 1230 4258 ''
1246 4232 1275 4288 in
1287 4236 1304 4262 “
1316 4231 1452 4292 ordinem
1465 4233 1480 4260 ''
1495 4244 1524 4292 et
1542 4237 1558 4264 “
1567 4227 1672 4291 ordIne
1683 4232 1698 4258 '³
1714 4251 1775 4308 per·

416 4317 497 4377 venit
514 4323 698 4378 “exoratum
714 4321 729 4345 '²
754 4335 806 4394 pro
831 4319 1036 4375 “exornatum
1053 4316 1068 4343 ’¹
1121 4333 1221 4392 peram
1239 4324 1385 4373 mutatum
1402 4325 1455 4372 est.
1574 4330 1579 4338 ·

417 4398 559 4476 scriptum
574 4399 664 4458 fuisse
678 4423 684 4458 :
700 4411 798 4457 utrum
813 4409 893 4457 recte
914 4417 952 4456 an
968 4415 1067 4474 perpe·
1164 4417 1207 4454 12.
1224 4391 1307 4474 qur‘cr]
1320 4414 1373 4470 pro
1389 4397 1408 4426 “
1423 4394 1474 4472 qui
1484 4396 1498 4421 '¹
1510 4397 1521 4452 i
1533 4397 1583 4456 Gr.
1597 4399 1621 4451 οἱ
1634 4395 1669 4452 δέ.

417 4501 487 4553 ram,
504 4482 622 4541 lectoris
632 4494 696 4540 esto
711 4480 862 4542 iudicium.
1164 4480 1207 4535 16.
1224 4473 1330 4556 orrrnes]
1347 4495 1405 4534 om.
1418 4477 1468 4538 Gr.
1485 4490 1513 4534 et
1530 4479 1590 4551 Syr.

459 4582 484 4638 3.
495 4559 641 4642 doclrr'nae]
659 4567 676 4594 “
702 4574 820 4624 nostrae
828 4564 843 4589 ''
853 4562 921 4630 add.
934 4562 984 4620 Gr.
1163 4577 1206 4632 17.
1228 4559 1305 4617 Ur'uo
1316 4577 1363 4634 ego
1378 4555 1448 4637 etc]
1462 4559 1569 4618 Erech.
1585 4579 1630 4632 33,
1649 4579 1691 4616 ιι.

458 4664 484 4717 4·
503 4641 577 4726 Deo]
593 4663 647 4720 pro
671 4648 688 4676 “
699 4664 736 4704 eo
746 4645 769 4718 ''‚
782 4657 812 4705 et
831 4641 873 4702 sic
885 4640 1065 4718 saepissime.
1164 4641 1241 4700 Uiuo
1271 4643 1288 4669 “
1300 4639 1379 4698 enim
1391 4640 1406 4667 ''
1418 4640 1486 4698 add.
1496 4642 1577 4698 Alex.
1591 4653 1619 4697 et
1632 4641 1691 4714 Syr.

417 4727 467 4784 (ir.
485 4729 594 4784 ἐνώπιον
607 4734 654 4783 τοῦ
667 4729 836 4796 ποιήσαντος.
1158 4722 1237 4780 dt'act'l
1275 4720 1350 4780 Cod.
1378 4732 1407 4780 et
1431 4719 1564 4780 similiter
1590 4720 1708 4796 saepius
1724 4719 1775 4780 ubl

460 4825 484 4882 5.
509 4807 541 4864 in
576 4803 727 4885 sanguine]
765 4805 846 4865 nolui
877 4817 991 4865 mutare
1033 4803 1063 4863 in
1117 4802 1146 4861 in
1163 4801 1326 4878 Gr.legitur
1338 4801 1409 4876 λέγει’
1420 4814 1471 4862 aut
1484 4805 1568 4880 φησίν.
