4146 5578
416 497 469 582 rx]
849 500 1005 562 vuasto
1027 501 1346 581 Aurtovrssmx.
1716 501 1770 586 55

416 735 457 804 et
480 721 699 805 Dominus
721 723 938 804 uniuersae
960 721 1124 824 carnis;
1146 721 1220 831 qui
1242 721 1398 833 aspicis
1424 721 1468 803 in
1489 721 1671 831 abyssis,
1695 720 1769 830 qui

416 859 607 967 preuidis
640 861 830 943 humana
851 888 990 970 opera,
1014 861 1088 970 qui
1111 859 1448 970 periclitancium
1470 859 1642 941 adiutor
1662 886 1708 940 es
1729 869 1771 940 et

415 996 738 1108 desperatorum
756 993 957 1099 sal'uator,
973 998 1118 1081 omnis
1132 997 1310 1107 spiritus
1324 1010 1487 1081 creator
1500 1010 1541 1080 et
1559 998 1769 1100 uisitator;

416 1135 490 1244 qui
533 1136 794 1247 multiplicas
833 1149 985 1248 gentes
1026 1165 1155 1247 super
1190 1150 1358 1238 terram,
1397 1149 1438 1220 et
1473 1165 1525 1220 ex
1565 1136 1770 1219 omnibus

383 1312 397 1366 ς
416 1273 583 1384 elegisti
601 1274 832 1385 diligentes
848 1288 902 1358 te.
920 1303 993 1385 per
1011 1277 1156 1358 Iesum
1186 1275 1395 1386 Xpistum
1432 1275 1768 1359 dilectissimum

417 1409 555 1492 filium
597 1424 733 1514 tuum,
772 1440 846 1523 per
885 1441 1014 1524 quem
1055 1413 1299 1524 corripuisti
1343 1442 1434 1516 nos
1478 1414 1769 1514 sanctificasti,

417 1547 650 1634 honorasti.
671 1553 859 1635 Oramus
882 1564 933 1653 te,
952 1551 1152 1653 Domine,
1176 1550 1349 1634 adiutor
1369 1565 1461 1635 esto
1489 1565 1530 1635 et
1558 1564 1772 1663 protector

418 1702 590 1773 noster:
622 1691 879 1775 tribulantes
915 1691 1047 1794 salua,
1092 1691 1235 1801 lapsos
1271 1691 1398 1803 erige,
1441 1690 1771 1802 deprecantibus

416 1851 583 1935 appare,
609 1827 804 1912 infirmos
838 1857 954 1931 sana,
978 1843 1169 1914 errantes
1201 1829 1409 1940 apopulo
1446 1842 1522 1912 tuo
1555 1842 1770 1932 conuerte,

370 2007 400 2043 10
418 1975 563 2047 satura
576 1969 826 2069 esurientes,
847 1969 979 2051 libera
995 1969 1240 2052 uinculatos
1263 1979 1446 2067 nostros,
1472 1967 1634 2050 suscita
1656 1967 1773 2049 infir-

420 2117 599 2208 mantes,
615 2108 836 2191 consolare
857 2109 1156 2219 pusillanimes
1175 2137 1182 2209 ;
1215 2119 1262 2188 ut
1289 2107 1426 2189 sciant
1446 2133 1597 2188 omnes
1617 2118 1773 2217 gentes

419 2243 625 2350 quoniam
663 2258 709 2328 tu
749 2274 795 2329 es
835 2248 956 2329 Deus
993 2247 1124 2347 solus,
1167 2259 1209 2329 et
1245 2246 1399 2328 lhesus
1435 2246 1622 2356 Xpistus
1655 2245 1772 2326 filius
1810 2275 1811 2278 ‘

419 2394 533 2485 tuus,
552 2395 594 2466 et
615 2413 694 2468 nos
707 2387 899 2497 populus
921 2399 1023 2469 tuus
1044 2398 1086 2469 et
1106 2413 1209 2468 oves
1231 2411 1412 2494 pascuae.
1599 2363 1602 2369 Δ

479 2524 571 2608 LX.
615 2525 684 2606 Tu
719 2527 835 2608 enirn
869 2537 1119 2637 perpetuam
1156 2524 1307 2606 mundi
1350 2522 1659 2606 stabilitionem
1701 2550 1774 2632 per

371 2701 399 2755 15
419 2687 547 2770 opera
561 2663 861 2767 manifestasti,
881 2678 928 2748 tu
945 2666 1140 2749 ordinem
1163 2663 1281 2747 orbis
1303 2675 1426 2746 terrae
1443 2663 1610 2746 creasti:
1634 2661 1774 2745 fidelis

462 2870 486 2908 2.
501 2847 649 2931 premitis]
674 2851 704 2911 in
722 2853 924 2930 “preuides”
951 2874 1074 2914 amanu
1126 2857 1242 2930 ἀσεβεῖς,
1273 2854 1327 2914 etsi
1354 2855 1476 2914 alteram
1509 2854 1586 2912 hanc
1614 2851 1776 2913 lectionem

420 2942 575 2991 mutatum.
1125 2935 1243 2995 exhibet
1258 2937 1355 2996 codex
1371 2937 1537 3008 Constant,
1550 2954 1640 3011 quam
1652 2933 1776 3010 quidem

327 3075 329 3080 ,
451 3033 477 3089 3.
495 3015 635 3074 Vocem“
649 3016 779 3076 saluator
790 3019 805 3046 '’
821 3020 911 3095 post“
926 3017 1044 3095 spiritus
1059 3019 1075 3046 ’'
1125 3016 1206 3088 scite,
1224 3029 1255 3077 ut
1271 3019 1355 3090 solet,
1378 3017 1531 3094 Lightfoot
1554 3015 1629 3076 tueri
1651 3025 1776 3075 conatus

421 3114 606 3170 pererrorem
617 3094 731 3156 iteravit
743 3098 1072 3176 scribapro“creator”,
1125 3110 1177 3159 est.

420 3178 470 3236 Gr.
488 3178 610 3247 κείσεηνε
628 3181 709 3254 quod
726 3181 870 3240 mendum
885 3181 990 3240 tollere
1012 3199 1073 3239 non
1170 3201 1213 3239 10.
1237 3177 1358 3260 nostros]
1381 3199 1449 3239 cum
1473 3179 1666 3256 sequentibus
1681 3177 1777 3238 verbis

421 3256 561 3318 dubitavi.
1125 3274 1238 3339 puncto
1253 3263 1384 3338 praefixo
1399 3260 1554 3338 conjungit
1570 3281 1622 3320 ms.

463 3357 489 3413 7.
523 3338 667 3421 Oramus]
697 3342 806 3420 Syriae.
823 3342 984 3420 praemittit
998 3347 1016 3375 “
1044 3355 1073 3403 et
1170 3365 1213 3402 11.
1229 3340 1337 3424 sciant]
1355 3347 1413 3402 “'te
1427 3343 1443 3372 '³
1457 3343 1529 3402 add.
1543 3344 1590 3402 ed.
1608 3341 1714 3418 Ltghrr.

420 3419 555 3480 dicemus
581 3419 622 3479 illi
645 3443 714 3482 cum
739 3425 956 3502 supplicatione
971 3427 994 3498 ''‚
1012 3426 1074 3502 qui·
1170 3445 1212 3483 12.
1222 3426 1309 3502 filius
1333 3421 1412 3504 tuus]
1433 3425 1565 3500 Syradd.
1584 3428 1601 3456 “
1620 3423 1774 3483 dilectus'’.

421 3503 476 3562 bus
491 3501 588 3562 verbis
604 3505 726 3564 demum
743 3505 892 3586 transitad
908 3505 1072 3567 orationem
1171 3527 1214 3582 ¹3·
1226 3504 1353 3587 pascuo]
1368 3511 1384 3538 ‘¹
1405 3521 1473 3566 tuae
1488 3507 1503 3533 ''
1524 3505 1593 3565 add.
1616 3507 1677 3577 Gr,
1700 3523 1778 3580 quae

421 3595 540 3643 rectam.
1126 3607 1211 3647 roxa
1229 3588 1321 3648 latino
1337 3587 1442 3648 codice
1454 3587 1524 3647 ideo
1539 3586 1684 3646 excidisse
1699 3585 1778 3644 vide-

462 3661 498 3744 rc]
515 3684 573 3724 om.
598 3667 658 3740 Gr,
675 3671 757 3744 quod
773 3682 872 3730 tamen
891 3669 1074 3746 Hilgenfeld,
1127 3682 1182 3740 tur,
1207 3669 1277 3746 quia
1300 3669 1380 3729 idem
1404 3688 1495 3728 sonus
1519 3667 1625 3727 iterum
1649 3665 1778 3727 occurrit

414 3745 699 3824 ‚Gebhardtaliique
710 3753 885 3811 addendum
898 3771 962 3812 esse
977 3751 1075 3812 conie-
1128 3751 1212 3810 initio
1228 3751 1343 3828 periodi
1359 3751 1525 3827 sequentis:
1543 3755 1560 3782 “
1576 3753 1621 3808 Tu
1634 3748 1748 3808 enim...
1763 3749 1778 3776 '²

421 3839 531 3888 cerunt.
1172 3853 1215 3905 14.
1240 3829 1328 3912 enim]
1353 3853 1412 3893 om.
1437 3834 1497 3905 Gr.¹
1520 3833 1603 3908 quod
1626 3829 1778 3890 tamenin

464 3907 593 3989 adiutor]
630 3913 680 3971 Gr.
712 3917 819 3988 βοηθόν.
856 3915 962 3976 Codex
998 3916 1075 3974 male
1128 3916 1189 3989 Syr.
1206 3915 1339 3974 habetur.

423 3995 441 4024 “
456 3991 573 4050 auditor
588 3993 610 4050 '’‚
1172 4015 1215 4072 15.
1233 4004 1265 4054 tu
1276 3997 1404 4055 ordinem
1414 3997 1491 4055 orbis
1503 4003 1587 4054 terra
1596 3990 1715 4074 creasti]
1732 3993 1779 4051 Ab

464 4077 491 4134 8.
515 4071 700 4154 tribulantes]
735 4078 785 4136 Gr.
818 4077 952 4154 plenius:
980 4083 997 4110 “
1024 4098 1076 4138 eos
1128 4077 1288 4154 interprete
1313 4077 1455 4155 scriptum
1476 4097 1540 4137 esse
1562 4096 1635 4148 reor,
1652 4075 1729 4135 sicut
1749 4073 1779 4133 in

423 4167 556 4214 nostrum
572 4156 623 4230 qui
640 4155 669 4213 in
680 4156 871 4220 tribulatione
885 4173 954 4221 sunt
965 4162 988 4220 ²².
1129 4159 1178 4218 Gr.
1196 4170 1225 4218 et
1241 4160 1301 4235 Syr.
1321 4161 1398 4218 “Tu
1418 4159 1541 4218 domine
1556 4159 1660 4218 orbem
1676 4165 1695 4216 t.
1713 4177 1737 4215 c.
1755 4157 1779 4228 ''‚

463 4233 561 4316 salua]
578 4238 628 4296 Gr.
646 4239 714 4298 add.
732 4244 793 4305 τοὺς
806 4246 944 4308 ταπεινοὺς
957 4243 1074 4312 ἐλέησον,
1129 4251 1233 4316 postea
1257 4260 1336 4314 vero,
1363 4239 1494 4299 confusis
1519 4237 1672 4300 vocabulis
1697 4238 1781 4301 “‚do-

424 4338 501 4395 quae
524 4318 613 4395 verba
633 4319 863 4395 praetermisisse
878 4322 994 4384 videtur
1015 4341 1076 4381 non
1129 4320 1210 4381 mine
1222 4323 1237 4350 '⁵
1259 4333 1288 4381 et
1305 4322 1472 4382 “ordinem
1488 4323 1512 4394 ''‚
1530 4340 1650 4381 sensum
1672 4321 1780 4380 eodem

424 4399 528 4472 scriba,
545 4400 598 4458 sed
622 4399 774 4478 interpres,
795 4401 934 4465 videlicet
958 4415 1077 4481 propter
1129 4405 1190 4463 lere
1215 4404 1308 4463 modo
1333 4406 1528 4481 depravatum
1554 4422 1618 4462 esse
1643 4422 1678 4461 ac
1694 4419 1782 4478 supra

425 4482 813 4542 homoeoteleutoneooov...
829 4487 954 4556 ἐλέησονε
971 4487 1078 4562 quade
1130 4495 1230 4543 actum
1256 4497 1300 4544 est
1325 4505 1393 4562 pag.
1424 4503 1468 4562 15,
1496 4484 1544 4544 lin.
1570 4504 1605 4556 14
1631 4480 1783 4560 permixtis

415 4583 513 4640 ¹causa
542 4563 623 4640 apud
653 4564 759 4640 Syrum
785 4583 908 4642 quoque
937 4567 1078 4626 ornittun-
1130 4565 1254 4626 vocibus
1271 4571 1288 4597 ‘⁴
1303 4578 1454 4644 sceptrum
1469 4567 1485 4594 '²
1511 4577 1540 4626 et
1567 4565 1741 4641 “scriptum
1758 4565 1782 4622 ’'.

424 4657 477 4725 tur.
1131 4647 1176 4708 Cf.
1194 4647 1282 4708 etiam
1310 4649 1384 4708 infra
1399 4652 1413 4723 ξ
1429 4651 1463 4707 61
1490 4651 1508 4680 “
1523 4649 1571 4707 Tu
1586 4647 1692 4707 ordine
1706 4648 1785 4724 (Do-

466 4745 492 4805 9.
508 4719 653 4806 infirmos]
680 4729 776 4787 Recte
801 4726 889 4804 igitur
910 4729 1079 4790 coniecerat
1131 4730 1225 4806 mine)
1239 4730 1370 4809 dirige...
1389 4733 1404 4759 ''
1737 4740 1740 4747 '

425 4809 580 4870 Gebhardt
607 4809 768 4886 legendum
794 4829 859 4870 esse
878 4813 1001 4884 tolerate,
1018 4831 1078 4872 non
