4146 5578
435 487 480 542 12
515 541 517 546 ,
849 477 1096 537 CLEMENTIS
1119 477 1352 534 EPISTVLAE
1724 470 1783 553 [er

430 697 552 780 missi
594 707 696 776 sunt
732 694 786 776 ab
829 696 929 776 lesu
966 695 1090 777 Naue
1125 695 1415 804 exploratores
1453 696 1495 776 in
1536 694 1713 794 Iericho,
1743 707 1784 776 et

428 837 625 920 rescisset
658 861 732 916 rex
767 833 957 916 ciuitatis
996 833 1162 916 Iericho
1199 834 1300 944 quia
1337 846 1544 917 uenerant
1566 810 1785 944 explorare

427 990 595 1075 terrarn,
612 973 732 1054 misit
746 972 864 1054 uiros
879 972 953 1082 qui
969 999 1044 1054 eos
1061 971 1457 1077 conprehenderent
1470 984 1512 1054 et
1528 972 1781 1055 occiderent.

430 1112 676 1223 Hospitalis
697 1138 799 1221 ergo
830 1113 932 1220 quia
965 1123 1054 1192 erat
1078 1111 1211 1211 Raab,
1236 1122 1432 1220 acceptos
1463 1111 1785 1194 eosabscondit

428 1255 471 1335 in
496 1251 673 1363 pergula
693 1250 851 1332 domus
874 1277 977 1334 suae.
999 1251 1058 1331 Et
1079 1276 1177 1332 cum
1195 1250 1392 1331 uenirent
1414 1251 1487 1360 qui
1506 1263 1668 1332 eranta
1689 1278 1836 1360 reges

430 1392 565 1492 missi,
589 1402 631 1473 et
652 1390 840 1471 dicerent
862 1389 899 1470 ei
920 1417 927 1470 :
949 1389 1019 1472 Ad
1042 1401 1083 1470 te
1116 1389 1373 1472 introierunt
1405 1389 1479 1498 qui
1502 1401 1622 1471 erant
1643 1389 1787 1499 explo-

430 1543 590 1612 ratores
612 1541 736 1610 terrae
758 1540 930 1627 nostrae,
954 1527 1062 1609 educ
1098 1527 1196 1610 illos
1232 1539 1273 1609 et
1295 1529 1546 1627 moriantur,
1571 1527 1650 1610 hoc
1672 1527 1786 1609 enim

432 1671 558 1752 iussit
581 1697 680 1768 rex;
717 1667 790 1748 illa
826 1667 1075 1775 respondit:
1117 1669 1394 1749 Intrauerunt
1430 1667 1483 1748 ad
1522 1695 1590 1750 me
1610 1667 1787 1777 quidem

432 1811 630 1892 homines
647 1835 757 1919 quos
774 1807 966 1916 queritis,
986 1807 1061 1888 sed
1077 1805 1275 1915 protinus
1306 1806 1556 1888 exieruntet
1572 1807 1788 1888 duxerunt
1805 1821 1808 1826 '

434 1978 478 2030 se
501 1949 544 2029 in
567 1947 710 2030 uiam:
734 1945 1040 2028 demonstrans
1064 1945 1149 2028 illis
1166 1945 1295 2026 aliam
1314 1972 1390 2054 pro
1411 1945 1495 2026 alia
1512 1945 1641 2046 uiam,
1665 1957 1706 2028 et
1728 1942 1789 2026 sic
1809 1975 1839 2010 10

435 2087 532 2168 illos
553 2085 721 2167 auertit.
749 2085 807 2166 Et
829 2083 938 2165 dixit
963 2083 1084 2182 Raab
1105 2081 1159 2165 ad
1183 2082 1381 2166 homines
1407 2083 1656 2166 Israhelitas
1678 2107 1788 2195 quos

433 2223 741 2306 absconderat:
781 2222 933 2305 Sciens
971 2223 1059 2304 scio
1094 2222 1197 2332 quia
1234 2223 1454 2306 Dominus
1493 2224 1614 2306 Deus
1650 2226 1788 2310 tradet

433 2362 560 2446 uobis
582 2374 737 2444 terram
761 2361 888 2442 istam
909 2393 916 2464 ;
940 2361 1070 2442 timor
1091 2361 1206 2442 enim
1228 2373 1269 2443 et
1300 2373 1461 2444 tremor
1492 2375 1634 2444 uester
1656 2364 1788 2449 inruit

432 2529 561 2611 super
582 2499 826 2582 habitantes
848 2511 1004 2582 terram
1028 2500 1167 2582 istam.
1194 2499 1306 2581 Cum
1329 2503 1431 2610 ergo
1467 2503 1546 2585 erit
1569 2504 1695 2586 uobis
1718 2533 1789 2588 su-

432 2669 544 2725 mere
567 2641 698 2739 illam,
723 2638 889 2720 saluam
913 2665 980 2719 me
1013 2638 1136 2720 facite
1172 2649 1213 2719 et
1246 2637 1426 2719 domum
1449 2641 1583 2749 patris
1608 2644 1701 2725 mei.
1729 2645 1836 2728 Et15
1912 2634 1920 2639 ⁵

431 2779 658 2862 dixerunt:
684 2777 758 2860 Sic
779 2777 857 2856 erit
879 2775 1100 2886 quomodo
1113 2775 1264 2882 locuta
1284 2803 1340 2859 es.
1367 2777 1479 2859 Cum
1508 2807 1610 2891 ergo
1631 2809 1789 2892 cogno-

432 2917 546 3000 ueris
571 2916 714 2998 uenire
736 2943 827 3016 nos,
853 2915 983 2996 induc
1004 2942 1155 2997 omnes
1177 2915 1220 2996 in
1243 2915 1423 2998 domum
1441 2931 1572 3020 tuam,
1603 2933 1644 3003 et
1665 2935 1789 3005 erunt

432 3057 568 3138 salui:
594 3083 692 3137 nam
715 3066 931 3165 quotquot
952 3067 1077 3136 erunt
1099 3067 1216 3136 extra
1252 3055 1432 3163 domum
1454 3069 1585 3158 tuam,
1612 3061 1785 3169 perient.

434 3195 493 3276 Et
514 3194 763 3275 adiecerunt
786 3206 1027 3276 monstrare
1063 3195 1100 3274 ei
1139 3195 1327 3304 signum,
1349 3191 1468 3303 'quod
1508 3200 1789 3308 suspenderet

430 3333 483 3415 de
497 3333 628 3415 domo
646 3362 735 3432 sua,
755 3334 1001 3415 resticulam
1019 3334 1276 3416 coccineam:
1293 3335 1434 3442 palam
1452 3336 1667 3438 facientes
1687 3339 1788 3446 quia
1808 3377 1840 3413 20

470 3557 494 3595 2.
512 3557 563 3594 rex
578 3539 705 3609 cr'ur'talis
729 3533 852 3616 Iericho]
879 3539 929 3596 Gr.
946 3537 1082 3596 brevius:
1179 3538 1408 3596 11.Eldr'xr‘t...
1426 3559 1496 3613 quos
1516 3539 1713 3622 absconderat]
1737 3543 1787 3604 Gr.

428 3621 442 3675 ὁ
457 3623 576 3694 βασιλεὺς
589 3629 637 3688 τῆς
649 3629 707 3692 γῆς.
1135 3618 1240 3678 lterum
1257 3619 1395 3678 brevius:
1412 3625 1428 3650 “
1445 3623 1483 3678 Et
1498 3621 1572 3680 dixit
1587 3629 1625 3680 ad
1642 3623 1718 3682 viros
1734 3627 1757 3682 ''.

470 3721 497 3775 3.
515 3698 636 3780 terram]
653 3703 703 3760 Gr.
717 3701 786 3758 add.
801 3701 898 3758 αὐτῶν.
1179 3721 1222 3758 12.
1238 3697 1304 3778 scio]
1322 3703 1409 3776 “ego
1425 3703 1439 3729 '²
1455 3703 1522 3761 add.
1542 3705 1623 3762 Alex.
1641 3718 1669 3764 et
1685 3706 1744 3780 Syr.

344 3835 346 3839 .
469 3779 559 3861 misit]
574 3784 619 3840 Ita
634 3783 809 3842 cod.C0nst.
821 3783 941 3854 3Alex.¹‘
957 3781 1054 3841 emisit
1067 3783 1082 3809 '’
1178 3802 1221 3853 14.
1238 3783 1347 3840 terram
1359 3780 1458 3863 t'stam]
1474 3803 1541 3842 cum
1558 3799 1660 3846 nostro
1682 3786 1787 3862 repetit

432 3865 587 3937 ἐξέπεμψεν.
718 3897 719 3900 =
1133 3864 1207 3938 Syr.;
1223 3865 1304 3920 Alex.
1322 3874 1352 3921 et
1368 3865 1472 3923 Const.
1490 3869 1580 3937 αὐτήν.

468 3954 495 4002 cl
516 3942 680 4025 occulerent]
707 3946 757 4004 Gr.
776 3948 794 3976 “
813 3957 843 4002 ut
870 3945 1080 4020 comprehensi
1178 3949 1221 4002 16.
1238 3941 1391 4024 dixerunt]
1409 3947 1466 4004 “ei
1484 3949 1498 3973 ’²
1513 3950 1581 4006 add.
1599 3950 1649 4008 Gr.

429 4041 619 4086 morerentur.
637 4030 652 4055 ’'
1173 4028 1266 4084 locuta
1281 4023 1320 4105 es]
1338 4030 1355 4058 “
1370 4027 1456 4086 nobis
1472 4031 1487 4056 '’
1502 4030 1570 4088 add.
1585 4031 1634 4088 Gr.

470 4125 495 4184 5.
526 4110 625 4167 domus
653 4107 723 4189 sure]
763 4110 811 4166 Gr.
842 4106 933 4166 addit.
963 4110 1014 4165 ὑπὸ
1034 4113 1081 4178 τὴν
1181 4129 1221 4183 ¹9·
1249 4109 1292 4164 Et
1304 4109 1469 4166 adiecerunt
1489 4107 1559 4189 etc]
1576 4112 1671 4171 Recte
1701 4103 1786 4187 igitur

429 4193 622 4260 λινοκαλάμην.
1134 4199 1264 4248 senserat
1299 4188 1461 4263 Lightfoot‚
1491 4191 1614 4251 rninrme
1641 4193 1786 4269 accipien-
1889 4247 1891 4252 .

470 4273 496 4334 6.
512 4268 552 4350 ei]
568 4291 626 4330 om.
645 4274 706 4346 Gn,
723 4273 811 4331 habet
827 4272 887 4346 Syr.
1134 4267 1206 4330 dum
1223 4290 1296 4341 esse,
1313 4273 1395 4345 quod
1421 4273 1564 4330 Harnack
1588 4275 1646 4332 hoc
1662 4276 1729 4334 loco
1745 4276 1786 4333 in-

471 4369 495 4426 7.
512 4361 540 4410 et
553 4352 732 4434 moriantur]
748 4351 852 4428 reliqui
874 4352 963 4410 codd.
981 4371 1037 4409 om.
1134 4363 1309 4427 terpretatus
1335 4361 1387 4422 est,
1405 4354 1492 4410 Funk
1517 4373 1639 4430 quoque
1655 4355 1683 4413 in
1700 4377 1784 4414 suam

471 4454 496 4508 9.
510 4432 655 4514 exierunt]
672 4438 718 4494 Ita
734 4438 836 4496 Const.
852 4437 977 4504 ἐξῆλθον;
995 4435 1078 4491 Alex.
1133 4433 1296 4493 editionem
1323 4435 1488 4493 transtulit:
1515 4439 1532 4466 “
1549 4437 1685 4495 Preterea
1707 4458 1786 4496 man-

431 4514 599 4574 “abierunt
621 4518 635 4544 ''
662 4520 790 4586 ἀπῆλθον.
1133 4517 1279 4574 daverunt
1296 4514 1321 4572 ei
1338 4525 1370 4572 ut
1386 4515 1503 4590 signum
1520 4517 1603 4575 daret
1619 4519 1641 4576 ”.

470 4595 620 4661 duxerunt
628 4594 668 4676 se]
706 4629 745 4650 =
775 4600 792 4628 “
807 4596 942 4655 abierunt
954 4597 975 4652 ’'.
992 4596 1077 4656 Conf.
1172 4592 1346 4674 monstrare]
1365 4623 1390 4642 =
1416 4600 1562 4657 δεικνύναιὶ)
1578 4599 1695 4676 Reliqui
1717 4620 1784 4660 mss.

431 4677 581 4751 Roensch,
598 4698 625 4754 p.
643 4682 709 4755 361.
1131 4683 1230 4750 δοῦναι,
1250 4678 1328 4736 dare.

455 4756 1074 4839 10.etsic'illosauertit]solusaddirLatinus.
