4146 5578
621 476 1008 551 omnoounpnrcn,
1034 479 1191 540 namen
1215 479 1268 536 ΕΤ
1291 475 1594 537 ouanunncn.
1733 458 1787 562 65

473 669 601 731 dientes
627 668 731 732 iactos
757 670 1000 752 omniapotenti
1035 673 1083 750 56,
1136 665 1286 735 affricus}
1303 665 1562 753 ad'aquilonem
1589 679 1621 731 et
1638 666 1788 732 alfricum

480 755 523 820 16.
1143 777 1146 808 ε
1184 777 1274 835 11,1.
1496 757 1498 767 ¹

429 841 633 906 accusativus
657 855 718 925 pro
749 843 973 908 uorm'nutz'uos
1004 865 1081 907 eun·
1137 845 1323 928 alienigena
1360 875 1389 898 =
1422 845 1573 908 alienus:
1605 844 1662 906 sed
1695 852 1726 906 et
1756 843 1788 906 in

474 930 550 993 dem
568 941 735 995 certamen
764 933 859 995 nobis
885 933 1038 996 imminet
1054 935 1083 1008 8,
1179 933 1381 1015 alienigenas
1392 935 1448 1014 qui
1465 942 1578 995 sunta
1595 931 1692 994 nobis
1707 945 1747 1011 45
1763 947 1788 1010 3.

478 1019 657 1093 1;multos
673 1040 708 1080 se
734 1020 824 1102 ipsos
850 1021 1079 1083 tradentes
1136 1019 1262 1082 alienus
1290 1041 1361 1082 cum
1388 1021 1480 1084 dau:
1510 1019 1664 1101 quamuis
1695 1027 1789 1080 erant

474 1105 833 1186 alioscibauerunt50,
855 1124 900 1186 13.
1179 1107 1277 1170 alieni
1295 1108 1369 1170 Deo
1388 1110 1415 1184 8,
1436 1125 1481 1186 14.
1517 1113 1519 1118 ’

430 1193 633 1255 accusativus
637 1203 711 1274 post
713 1195 968 1274 praepositiones
978 1195 1083 1275 requi·
1221 1192 1293 1257 cuin
1303 1216 1376 1276 geri.
1391 1217 1402 1258 .·
1418 1195 1525 1258 aliena
1542 1203 1574 1256 et
1591 1202 1707 1256 extera
1724 1192 1789 1255 ele-

475 1289 577 1342 rentes
615 1281 806 1358 ablativum,
837 1281 905 1344 rrz’si
926 1282 1084 1344 nonnulla
1179 1291 1307 1344 ctorum
1326 1282 1389 1343 Dei
1412 1299 1504 1358 1,11.

474 1367 615 1447 exempla
618 1381 720 1448 perm
727 1368 941 1448 parasitarum
952 1378 1013 1431 aut
1027 1389 1082 1432 um
1136 1369 1294 1430 alimenta
1312 1370 1424 1449 Xpisti
1443 1385 1471 1448 3,
1487 1386 1516 1447 9.

466 1465 530 1534 pru
544 1476 567 1516 o
580 1455 768 1536 explicanda
783 1466 862 1518 sunt
874 1479 885 1519 .·
1135 1456 1228 1532 alius,
1243 1456 1346 1521 datio.
1373 1457 1438 1519 alio
1453 1477 1460 1519 :
1485 1457 1574 1518 aliud
1608 1454 1673 1517 alio
1704 1473 1789 1536 opus

518 1541 664 1604 in:cum
693 1553 804 1605 essent
831 1544 862 1605 in
881 1562 1036 1624 campum
1057 1558 1084 1622 5,
1180 1553 1229 1606 est
1248 1544 1288 1622 36
1317 1557 1342 1623 5.

479 1630 536 1705 163
553 1629 674 1710 optulit
691 1629 860 1693 uictimam
879 1630 910 1692 in
935 1639 1082 1693 montem
1136 1629 1288 1693 altarium
1306 1631 1425 1694 :iuxta
1442 1629 1593 1692 altarium
1614 1646 1664 1707 39,
1680 1646 1709 1708 9.

479 1734 526 1792 11,
547 1735 604 1793 10;
631 1717 806 1799 prophetia
834 1717 895 1780 luit
918 1717 951 1779 in
969 1717 1083 1779 mulie·
1135 1719 1327 1781 ambulare:
1345 1718 1376 1778 in
1403 1717 1560 1798 legitimis
1588 1717 1652 1778 Dei
1669 1717 1785 1778 ambu-

475 1824 543 1865 rem
578 1819 623 1882 13,
641 1821 658 1883 3
676 1825 683 1882 ;
706 1805 925 1867 remanebunt
953 1804 984 1866 in
1009 1824 1083 1866 eam
1180 1805 1299 1868 labatis
1317 1804 1789 1879 2,1o;ambulareuoluerunt

480 1909 525 1970 14,
546 1907 582 1970 13
600 1913 606 1968 ;
630 1893 662 1953 in
680 1893 891 1955 sanctitatem
908 1893 1016 1954 cordis
1035 1909 1084 1970 31,
1118 1961 1120 1966 ,
1180 1911 1246 1954 non
1275 1893 1375 1973 digne
1404 1891 1526 1973 Xpisto
1546 1906 1599 1970 5,1
1620 1911 1626 1967 ;
1644 1899 1678 1952 ut
1695 1891 1727 1951 in
1744 1889 1791 1952 eis

477 1995 494 2040 2
513 1999 520 2055 ;
546 1979 686 2041 assumis
714 1988 952 2042 testamentum
971 1999 1082 2041 meum
1180 1979 1392 2061 (praeceptis)
1409 1978 1619 2041 ambulantes
1640 1995 1687 2056 13,
1708 1979 1753 2038 18.

477 2066 508 2128 in
520 2075 660 2128 ostuum
681 2079 760 2145 345
778 2067 913 2147 ;posuit
930 2067 961 2128 in
974 2066 1084 2128 taber·
1136 2086 1230 2128 amor
1259 2075 1404 2148 sequente
1438 2067 1480 2128 ad
1505 2085 1577 2127 crim
1602 2063 1764 2146 gerundia
1780 2086 1791 2126 .·

476 2152 631 2215 naculum
648 2171 699 2232 40,
721 2156 756 2215 18
771 2175 778 2232 ;
795 2175 862 2216 non
891 2163 1021 2217 tantum
1050 2153 1083 2214 in
1180 2153 1375 2217 insatiabilis
1401 2173 1493 2216 amor
1515 2152 1557 2215 ad
1584 2151 1791 2214 benefacien-

476 2237 572 2301 nobis
588 2241 768 2320 capuit,sed
786 2251 819 2303 et
836 2241 868 2302 in
880 2240 1084 2321 alienigenas
1180 2242 1259 2303 dum
1279 2259 1306 2322 3,
1324 2257 1371 2320 13.

475 2340 581 2406 45,3;
606 2327 748 2390 altitudo
779 2329 812 2389 in
843 2349 909 2410 qua
935 2329 1085 2409 perducit
1137 2330 1369 2410 antistes:per
1394 2325 1584 2409 pontificem
1611 2335 1644 2388 et
1661 2325 1790 2387 antisti-

476 2414 600 2477 karitas
626 2417 678 2492 46,
703 2430 746 2494 7;
771 2435 875 2497 usque
900 2417 931 2477 in
954 2413 1016 2476 hac
1032 2415 1086 2476 die
1180 2426 1248 2479 tem
1265 2418 1450 2479 animarum
1463 2424 1648 2477 nostrarum
1669 2427 1791 2492 57,13;

475 2510 530 2581 47,
547 2518 575 2566 ²·

519 2609 594 2651 cum
611 2613 617 2654 :
633 2609 708 2651 cum
726 2589 962 2654 confidentiam
981 2606 1030 2668 30,
1054 2607 1084 2666 4.

431 2677 635 2738 accusativus
649 2687 724 2757 post
750 2677 848 2740 verba
862 2699 873 2740 :
896 2679 1085 2751 consistere,

475 2774 624 2840 tremere,
640 2763 819 2840 abundare,
841 2764 1010 2839 obaudire,
1038 2765 1082 2824 in-

475 2851 582 2927 scribi,
599 2853 753 2914 excidere
777 2862 809 2914 et
833 2851 982 2928 deficere,
998 2852 1086 2912 ince-

475 2941 561 3002 dere.

432 3027 473 3088 ad
483 3026 702 3106 praepositio:
729 3027 941 3089 aestimatum
971 3036 1021 3088 est
1038 3024 1083 3086 illi

477 3114 518 3175 ad
536 3113 700 3190 iusticiam
721 3131 768 3188 11,
786 3117 812 3178 8.

432 3199 560 3263 adferre
584 3231 611 3253 =
625 3203 720 3280 ferre
734 3226 745 3265 .·
759 3203 931 3284 magisque
944 3200 993 3262 sui
1005 3220 1085 3281 que-

476 3288 578 3350 relam
610 3289 764 3354 adierunt
795 3291 846 3364 48,
877 3306 922 3364 23
954 3289 1086 3351 indicat.

468 3386 624 3456 praesens
638 3377 764 3441 adseret
782 3392 831 3457 25,
853 3393 899 3458 17.

433 3464 562 3527 adicere
576 3465 784 3528 :adiecerunt
795 3474 980 3528 monstrare
991 3464 1019 3525 ei
1039 3480 1085 3540 12,

483 3571 529 3632 19.

433 3645 628 3708 adinuentio
645 3663 694 3725 29,
710 3649 739 3709 6.

434 3733 591 3795 adiuuare
606 3754 677 3795 cum
702 3734 837 3798 dativo:
864 3751 930 3796 non
948 3743 1085 3815 possent

478 3818 539 3880 sibi
556 3818 714 3882 adiuuare
733 3837 782 3900 37,
800 3839 848 3884 2o.

435 3903 545 3966 adleta
569 3933 597 3957 =
619 3905 742 3968 athleta
757 3910 786 3982 6,
808 3925 853 3986 13.

435 3992 476 4054 ae'
511 4004 608 4073 praa
624 4003 699 4056 anre
710 4004 743 4057 et
758 4018 765 4057 :
782 4015 844 4076 pro
858 3995 1039 4075 semetipso
1052 4004 1085 4057 et

438 4118 441 4123 ·
480 4078 580 4142 Cefae
596 4091 629 4142 et
645 4081 771 4162 Apollo
787 4099 905 4160 44,11.

514 4178 576 4248 pro
592 4189 647 4230 as:
665 4189 766 4249 purae
787 4171 924 4250 (parcas)
947 4177 980 4231 et
1004 4168 1087 4231 inta-

481 4257 624 4318 minatas
641 4277 759 4318 manus
776 4259 826 4330 28,
847 4273 891 4336 13.

516 4344 1088 4424 proe:aeclesia1‚4;41‚19;45,

485 4449 494 4491 1
516 4453 522 4506 ;
536 4451 669 4511 praeces
687 4449 736 4510 24,
752 4433 774 4494 6
788 4441 841 4495 etc.

515 4523 1087 4606 proi:quae(=qui)24,18;in-

481 4629 606 4672 nocuae
619 4609 669 4691 (=
693 4611 835 4693 irrnocm')
850 4626 902 4690 47,
924 4629 948 4674 1.

437 4696 631 4760 aeternalis:
648 4699 679 4758 in
690 4698 859 4778 ¹populum
888 4697 1089 4762 aeternalem

484 4798 533 4866 59,
548 4785 576 4846 6.

488 4919 600 4962 Anecdota
609 4919 769 4962 Maredsolana.
780 4942 805 4950 —
815 4921 842 4962 T.
855 4921 887 4960 11.

1137 2518 1316 2674 apgildie:
1339 2590 1468 2672 legibus
1494 2609 1522 2652 e.
1553 2587 1786 2680 patrifamiliae

1181 2688 1379 2761 apparentes
1399 2680 1448 2757 38,
1468 2680 1513 2739 18.

1138 2767 1336 2850 appropiare
1354 2768 1403 2841 26,
1422 2781 1447 2844 3.

1139 2876 1293 2918 ascensor
1307 2856 1359 2932 48,
1374 2871 1403 2932 9.

1138 2962 1313 3024 aspargere
1335 2958 1443 3018 19,10.

1139 3049 1305 3092 assumere
1323 3027 1357 3089 in
1374 3049 1408 3090 os
1425 3044 1473 3106 34,
1493 3041 1517 3106 5.

1139 3115 1314 3180 audientur
1337 3143 1365 3168 =
1387 3115 1573 3177 uurlz'unlur
1588 3117 1637 3188 28,
1660 3131 1681 3174 1.

1138 3204 1265 3267 auditio
1288 3232 1316 3255 =
1336 3223 1449 3264 rumor
1460 3225 1470 3264 :
1488 3202 1568 3262 haec
1578 3199 1705 3262 auditio
1722 3219 1788 3262 non

1182 3301 1313 3354 tantum
1331 3290 1363 3352 in
1382 3290 1477 3352 nobis
1493 3288 1604 3369 capuit
1620 3301 1673 3366 45,
1690 3303 1718 3348 2.

1138 3380 1354 3443 autumninus
1369 3401 1374 3439 :
1392 3388 1543 3458 tempora
1566 3377 1680 3436 uerina
1754 3383 1787 3436 et

1182 3466 1377 3530 autumnina
1395 3481 1445 3539 21,
1466 3480 1502 3525 12
1519 3483 1565 3543 sq.

1139 3552 1265 3643 ἄμωμος
1289 3581 1317 3605 =
1341 3552 1561 3615 inmaculatus
1580 3562 1628 3628 35,
1651 3567 1660 3611 1
1682 3570 1689 3626 ;
1711 3549 1792 3611 emi·

1183 3668 1264 3710 nens
1279 3647 1290 3709 ἓ
1307 3647 1349 3710 ib.
1368 3646 1412 3708 16.
1428 3647 1429 3654 ’

1140 3865 1160 3927 b
1168 3875 1231 3945 pro
1247 3885 1266 3926 u
1281 3889 1287 3928 :
1304 3863 1391 3926 labia
1420 3881 1472 3923 me
1499 3859 1542 3922 ab
1558 3855 1723 3924 iniusticia
1746 3873 1792 3934 19,

1185 3970 1200 4031 3
1220 3972 1239 4014 n
1257 3976 1263 4031 ;
1280 3951 1351 4014 sine
1367 3947 1504 4012 imbidia
1520 3964 1571 4025 41,
1590 3963 1639 4009 20.

1140 4040 1310 4120 baptizare
1321 4056 1374 4115 40,
1392 4054 1418 4115 3.

1139 4125 1328 4189 beatificare
1346 4142 1374 4201 2,
1395 4142 1423 4203 9.

1140 4213 1354 4276 benedicere:
1372 4210 1567 4274 benedicam
1585 4215 1618 4270 te
1640 4225 1687 4282 10,
1709 4224 1755 4286 19.

1140 4300 1381 4382 blasphemiam
1399 4298 1509 4360 inlerri
1527 4309 1578 4373 45,
1594 4313 1623 4372 4.

1140 4387 1290 4450 brauium
1307 4408 1313 4449 :
1330 4386 1510 4468 patientiae
1528 4385 1677 4445 brauium
1696 4383 1725 4456 6,
1743 4398 1791 4443 21.

1141 4474 1291 4556 βάναυσος
1315 4503 1343 4526 =
1365 4472 1498 4534 inuidus
1514 4473 1566 4548 46,
1582 4488 1611 4548 9.

1143 4717 1161 4759 c
1221 4705 1282 4776 pro
1297 4702 1517 4777 g:cesserunt
1535 4692 1584 4773 (=
1607 4686 1795 4772 gesserunt)

1187 4801 1238 4864 43,
1253 4804 1281 4861 4-

1710 4925 1721 4958 9
