4146 5578
425 465 504 524 VIII
975 462 1225 522 PRAEFATIO.

276 673 284 682 “
425 645 561 750 haud
588 645 655 749 ita
675 642 836 802 malus
852 665 1026 750 auctor
1041 641 1297 748 latinitatis
1317 643 1474 766 luerit,
1497 645 1777 754 coniectare

425 787 539 892 licet
521 786 866 892 tversionem
915 783 1035 890 ab
1025 825 1136 923 rpso
1181 784 1487 944 elaboratam
1531 787 1742 925 elegant
1732 831 1778 895 ra

425 929 585 1087 magis
612 928 858 1033 sermonis
885 967 1037 1066 quarn
1065 927 1485 1063 interpretationis
1513 929 1613 1035 lide
1639 971 1776 1067 prae-

425 1071 506 1176 stit
472 1095 619 1176 rt.rsse
653 1067 814 1210 Quod
855 1069 1005 1208 longe
1046 1111 1190 1176 secus
1235 1091 1308 1174 est
1340 1069 1388 1173 in
1434 1112 1505 1192 ea,
1534 1113 1687 1229 quarn
1715 1117 1776 1178 ex

424 1213 598 1317 codice
631 1211 973 1317 Namurcensi
1000 1210 1213 1333 edimus,
1243 1211 1464 1316 translat
1432 1234 1586 1317 t:10ne
1609 1254 1658 1317 rn
1677 1257 1777 1351 qua

422 1326 720 1492 plerumque
758 1353 971 1458 verbum
1012 1352 1279 1458 verboita
1231 1352 1485 1510 taredclit
1488 1379 1556 1477 ur,
1588 1378 1639 1512 ut
1677 1356 1777 1514 fere

423 1638 577 1742 modo
605 1678 706 1742 non
733 1637 1011 1794 abhorreat.

498 1778 754 1885 Deficren
757 1778 924 1883 rbus
914 1777 1076 1916 igitur,
1117 1803 1171 1881 ut
1153 1775 1327 1898 dtixi‚
1374 1779 1591 1884 externis
1635 1823 1775 1919 argu·

423 1944 561 2026 ment
564 1921 618 2045 is,
648 1920 864 2057 ipsiust
846 1917 1065 2024 translat
1034 1918 1182 2022 tronis
1222 1863 1420 2024 chaiact
1403 1941 1529 2026 teres
1569 1921 1776 2062 diligen·
1829 1928 1830 1931 ‘

423 2061 928 2200 tissimeinspiciendi
951 2082 1108 2165 erant·
1101 2059 1323 2198 ,quibus
1345 2063 1581 2187 excussis
1606 2063 1776 2171 iudicii

423 2205 520 2311 rnei
548 2245 748 2310 summa
774 2203 897 2308 haec
924 2203 1042 2308 luit:

527 2363 544 2399 ⁰
502 2348 675 2453 1Pro
702 2368 803 2450 cert
806 2387 836 2449 o
786 2343 1150 2501 thabendum
1173 2367 1246 2449 est
1229 2346 1398 2453 thane
1421 2345 1675 2455 Clement
1643 2371 1776 2455 trnae

422 2489 664 2629 epistulae
712 2487 994 2593 versionem
1036 2508 1110 2643 sat
1115 2485 1155 2590 is
1093 2485 1285 2594 tdiu
1330 2513 1446 2596 ante
1400 2490 1775 2597 teconfectam

421 2633 573 2738 fuisse
599 2670 752 2767 quam
794 2629 970 2751 codex,
998 2628 1084 2766 qui
1124 2669 1234 2733 earn
1279 2656 1631 2771 repraesentat
1661 2675 1774 2738 con-

420 2774 657 2880 scriberet
639 2795 728 2878 tur
775 2769 926 2909 Quae
953 2812 1030 2874 res
1057 2812 1119 2874 ex
1146 2813 1205 2876 eo
1233 2814 1451 2934 maxime
1482 2776 1776 2912 comproba-

419 2940 511 3040 t‚ur
531 2915 813 3053 quodt
686 2913 813 3018 mult
817 2911 942 3017 iloci
950 2954 1107 3050 quos
1132 2912 1233 3016 ab
1224 2955 1334 3051 rpso
1356 2915 1624 3053 interprete
1645 2940 1776 3048 recte

420 3099 482 3165 ex
521 3098 702 3196 graeco
747 3095 1013 3193 expressos
1064 3094 1174 3159 esse
1219 3058 1539 3165 manifestum
1586 3083 1673 3182 est,
1726 3059 1775 3163 in

421 3223 593 3307 nostro
620 3196 891 3335 exemplari
918 3196 1218 3334 scriptorum
1245 3199 1367 3305 vitio
1394 3200 1574 3306 misere
1605 3201 1778 3338 depra-

419 3343 520 3450 vati
564 3342 825 3481 leguntur:
853 3380 1068 3476 quorum
1111 3341 1353 3447 nonnulla
1393 3342 1671 3480 specimina
1698 3343 1778 3448 hic

422 3485 698 3592 ostendam.
1863 3495 1868 3501 ’

422 3752 607 3832 Textus
625 3750 844 3832 Graecus
947 3750 949 3756 '
1043 3748 1240 3830 Codicis
1272 3751 1635 3859 Namuroensis

466 3922 585 4096 utz'lab
603 3922 802 4096 {nlerprete
943 3917 1045 3990 lectio
1061 3928 1264 4015 corrupta:
1403 3921 1505 3995 lectio
1523 3923 1721 3998 restituta:

543 4048 602 4120 ege
624 4031 741 4096 atur:

469 4231 607 4313 §usu
625 4235 778 4322 σκῆπτρον
794 4231 848 4307 τῆς
941 4220 1128 4316 Scriptum
1142 4223 1314 4295 est:Ma·
1403 4223 1600 4320 Sceptrum
1645 4226 1776 4300 maies-

425 4327 645 4420 μεγαλωσύνης
669 4333 722 4396 τοῦ
754 4329 845 4412 Θεοῦ,
889 4320 1001 4394 iestas
1019 4323 1102 4407 Dei,
1127 4323 1313 4396 Dominus
1352 4325 1437 4397 tatis
1472 4326 1555 4413 Dei,
1592 4327 1777 4401 Dominus

422 4429 620 4552 ὁΙΙυριοςΙΙ.
642 4431 664 4496 Ι.
892 4421 1210 4519 lhesusXpistus
1356 4425 1381 4498 l
1406 4426 1447 4499 C.

467 4602 486 4675 g
522 4617 563 4683 27
588 4591 752 4688 Ταυτῃ
722 4621 772 4662 ουν
808 4603 845 4691 τῇ
892 4588 1103 4685 ltaquehac
1125 4615 1192 4686 spe
1207 4609 1311 4664 erant
1354 4592 1569 4689 ltaquehac
1597 4621 1664 4692 spe
1691 4595 1776 4668 hae-

423 4661 852 4820 ἐΙπίδιπροῖδεδέσθωσαναὶ
886 4691 1019 4762 animae
1071 4709 1207 4764 nostrae
1265 4694 1311 4765 ad
1349 4695 1606 4768 reantanimae
1642 4715 1777 4770 nostrae

424 4793 523 4887 ψυχαὶ
539 4795 674 4884 ὴμῶν
640 4799 683 4859 τῶ
700 4803 810 4884 πιστῷ.
889 4791 1012 4864 Deum
1032 4791 1094 4888 qui
1110 4819 1220 4866 uerus
1242 4812 1308 4867 est.
1348 4794 1395 4866 ad
1408 4821 1492 4867 eum
1505 4797 1568 4892 qui
1584 4823 1693 4872 uerus
1705 4820 1773 4872 est
