4146 5578
436 507 485 564 IO
852 497 1097 559 CLEMENTIS
1120 497 1354 556 EPISTVLAE
1747 491 1783 574 [x
1854 512 1857 516 ·

431 717 644 804 uoluntati
668 716 795 815 illios,
819 727 860 796 et
882 713 1163 796 humiliemus
1194 737 1274 794 nos
1306 711 1595 821 deprecationi
1619 715 1784 798 miseri-

429 857 587 940 cordiae
608 866 649 937 et
671 851 953 963 indulgentiae
974 853 1079 954 eius,
1098 864 1140 935 et
1161 865 1485 962 prosternamus
1508 882 1599 957 nos,
1622 868 1664 938 et
1684 883 1784 939 con-

432 1008 652 1079 uertamus
694 1020 773 1074 nos
809 990 862 1072 ad
906 990 1244 1074 misericordiam
1286 989 1415 1092 illius,
1458 991 1617 1075 relictis
1659 993 1784 1077 uanis

431 1135 633 1245 operibus
664 1144 706 1214 et
736 1129 1087 1213 contentionibus
1119 1141 1159 1230 et
1196 1128 1269 1238 qui
1305 1128 1359 1210 ad
1395 1143 1575 1212 mortem
1609 1129 1784 1214 adducit

431 1274 796 1356 zelolntueamur
812 1295 886 1350 eos
900 1267 1785 1385 quiconsummateministraruntmagnae
1823 1309 1835 1359 s

432 1410 645 1494 maiestati
680 1408 773 1490 Dei.
814 1408 1053 1491 Sumamus
1093 1405 1258 1505 Enoch,
1302 1405 1376 1514 qui
1412 1422 1584 1519 propter
1605 1411 1785 1494 obaudi-

430 1552 591 1633 tionem
616 1549 711 1630 Deo
733 1546 874 1627 iustus
897 1545 1102 1626 inuentus
1125 1544 1363 1628 translatus
1393 1558 1469 1645 est,
1493 1559 1535 1629 et
1558 1575 1643 1630 non
1666 1549 1785 1632 inue-

430 1690 547 1772 nitur
569 1714 685 1769 mors
720 1685 824 1768 eius.
865 1683 960 1765 Noe
982 1681 1122 1765 fidelis
1156 1682 1360 1766 inuentus
1394 1711 1467 1793 per
1495 1685 1784 1769 ministerium

430 1854 558 1910 suum
581 1821 947 1935 regenerationem
969 1819 1062 1903 orbi
1086 1833 1298 1903 terrarum
1335 1822 1583 1931 predicauit,
1602 1837 1644 1906 et
1666 1825 1787 1908 salua

431 1994 505 2075 per
525 1992 624 2047 eum
658 1962 755 2045 iecit
793 1961 914 2042 Deus
949 1960 1154 2042 animalia
1193 1989 1292 2071 quae
1325 1960 1594 2046 intrauerunt
1616 1992 1714 2047 cum
1736 1993 1786 2048 eo
1808 2009 1838 2044 lo

431 2131 529 2187 cum
551 2100 779 2185 concordia
801 2099 845 2180 in
868 2125 1021 2180 arcam.

490 2243 543 2324 X.
568 2240 802 2340 Abraham,
835 2237 1000 2319 amicus
1035 2237 1381 2347 cognominatus
1406 2237 1545 2322 fidelis
1582 2240 1786 2325 inuentus

430 2381 615 2492 est‚quia
634 2377 873 2463 obaudiens
892 2376 974 2457 suit
992 2375 1135 2458 uerbis
1155 2376 1346 2460 Dei.Hic
1364 2390 1537 2487 propter
1552 2379 1787 2464 obaudien-
1814 2445 1821 2452 .

432 2523 536 2604 tiam
561 2519 642 2601 Dei
665 2517 767 2600 exiit
789 2515 841 2598 de
863 2529 973 2597 terra
994 2542 1073 2596 sua
1107 2527 1149 2597 et
1184 2515 1237 2596 de
1272 2517 1529 2626 cognatione
1570 2533 1711 2603 suaet
1732 2522 1785 2606 de

433 2659 563 2742 domo
585 2655 718 2767 patris
754 2654 821 2735 sui
842 2683 849 2754 ;
872 2666 913 2736 et
946 2665 1057 2735 terra
1088 2653 1244 2775 exigua
1266 2665 1308 2736 et
1330 2654 1587 2765 cognatione
1615 2657 1786 2741 infirma
1809 2659 1837 2750 ιζ

434 2813 475 2884 et
507 2798 638 2880 domo
674 2793 855 2875 minima
888 2793 1034 2874 relicta
1069 2791 1191 2874 heres
1229 2792 1275 2875 fit
1314 2795 1654 2903 promissionum
1690 2799 1783 2884 Dei.

437 2937 560 3021 Dixit
581 2935 695 3018 enim
719 2932 780 3013 illi
805 2932 926 3013 Deus
944 2960 951 3013 :
975 2930 1077 3012 Exi
1094 2930 1145 3012 a'e
1166 2935 1287 3013 lema
1309 2936 1388 3014 iaa
1409 2938 1454 3014 ei
1472 2934 1523 3016 a'e
1537 2938 1789 3044 eogaaiiaae

436 3083 516 3159 taa
536 3081 580 3158 ei
599 3074 650 3156 de
669 3073 790 3154 dama
810 3071 965 3180 pateis
985 3071 1065 3172 iai,
1088 3076 1132 3153 et
1152 3071 1265 3153 made
1286 3071 1333 3155 ia
1354 3079 1522 3156 temam
1555 3103 1689 3184 qaam
1710 3080 1793 3163 am·

434 3212 697 3307 monstraba·
711 3209 935 3318 etfaciam
956 3215 999 3292 te
1014 3209 1060 3291 ia
1069 3215 1244 3318 geatam
1260 3217 1527 3319 magieam,et
1547 3213 1791 3300 benedicam

436 3360 489 3454 te,
511 3358 555 3434 ei
583 3351 870 3460 magnificabo
903 3355 1214 3450 numantiam,
1239 3357 1283 3433 et
1317 3352 1403 3434 eris
1438 3354 1691 3440 benedictas.
1724 3360 1794 3440 Et
1812 3393 1844 3429 20

437 3491 681 3574 benedicam
701 3490 780 3598 qai
790 3495 832 3572 te
846 3489 1202 3590 beaea'ixem'at,ei
1216 3489 1296 3597 qai
1310 3494 1352 3570 te
1367 3490 1682 3576 maledixerint
1700 3524 1794 3580 ma-

437 3631 630 3732 ledicam,
653 3634 697 3711 et
730 3629 1031 3711 beaedieeatm
1063 3629 1109 3710 ia
1146 3633 1188 3710 te
1222 3655 1366 3711 amaes
1402 3630 1543 3713 teiam
1565 3638 1702 3720 teme.
1732 3639 1791 3720 Et

438 3771 605 3869 iterum,
629 3795 726 3851 cum
748 3768 948 3851 discessit
969 3767 1191 3849 Abraham
1227 3793 1252 3847 a
1276 3767 1402 3868 Loth,
1426 3769 1536 3852 dixit
1558 3771 1619 3853 illi
1644 3775 1792 3860 Deus:

437 3905 616 4016 Respice
635 3906 769 3990 aealis
789 3907 890 4006 tais
913 3912 956 3990 ei
976 3907 1076 3990 m'a'e
1096 3907 1295 4006 alaeam
1316 3934 1399 4016 qao
1419 3913 1469 3990 ta
1482 3937 1595 3994 mam
1615 3918 1721 4016 stas,
1737 3917 1802 3998 aa'

1893 2077 1901 2114 Ι

482 4091 505 4128 1.
527 4070 710 4130 humiliemus
735 4091 784 4130 nas
807 4067 1012 4150 deprecationi]
1036 4071 1087 4129 Gr.
1186 4073 1231 4129 16.
1247 4077 1275 4128 et
1338 4071 1416 4129 lieres
1434 4067 1485 4150 fit]
1502 4073 1551 4132 Gr.
1580 4078 1644 4136 “ut
1711 4079 1795 4142 heres

438 4151 556 4213 brevius
571 4151 654 4210 ἱκέται
666 4155 809 4228 γενόμενοι.
1143 4151 1225 4211 fieret
1240 4153 1263 4211 ''.

481 4255 505 4292 2.
529 4230 567 4313 et]
579 4245 649 4294 ante
665 4238 682 4264 “
692 4236 938 4312 prosternamus”
953 4254 1012 4293 om.
1026 4234 1076 4293 Gr.
1186 4250 1229 4307 17.
1259 4230 1349 4312 dtat‘t]
1385 4235 1434 4294 Gr.
1465 4233 1572 4294 “dicit
1599 4239 1623 4310 ''‚
1646 4252 1678 4300 ut
1709 4263 1797 4322 supra

480 4318 506 4373 6.
536 4313 612 4394 Dei]
638 4316 745 4375 iterum
774 4336 827 4393 pro
857 4315 959 4375 “eius
988 4317 1011 4374 ''‚
1041 4315 1086 4375 Cf.
1144 4333 1170 4390 p.
1188 4316 1248 4387 8,l.
1270 4333 1302 4390 17
1320 4328 1374 4374 etc.

392 4469 396 4476 Ι
439 4415 565 4474 suprap.
579 4399 606 4468 8,
623 4398 719 4469 l.4et
736 4418 762 4474 p.
780 4418 806 4474 9,
823 4399 838 4457 l.
861 4401 906 4458 18.
1183 4392 1277 4475 Deus]
1293 4416 1352 4456 om.
1370 4398 1419 4456 Gr.

482 4496 506 4552 7.
531 4475 606 4558 Dea]
622 4498 680 4538 om.
691 4500 693 4504 ·
705 4480 755 4539 Gr.
1183 4478 1254 4535 Exi
1263 4477 1296 4535 a'e
1310 4475 1402 4558 tara]
1418 4479 1494 4538 Gen.
1515 4500 1558 4550 12,
1580 4501 1633 4558 ¹·3·

483 4580 526 4619 10.
550 4556 645 4639 Deus]
677 4581 730 4636 pro
759 4564 777 4592 “
804 4562 954 4620 Dominus
982 4561 1005 4619 '’‚
1040 4561 1088 4618 Gr.
1188 4561 1232 4617 18.
1248 4566 1276 4617 et
1289 4557 1373 4640 uada]
1389 4561 1472 4619 deest
1488 4561 1517 4617 in
1533 4563 1583 4622 Gr.

439 4644 605 4710 ὁδεσπότης.
1187 4660 1233 4715 23.
1249 4637 1417 4720 Abraham]
1437 4643 1486 4702 Gr.
1504 4644 1591 4702 αὐτόν.

479 4742 540 4782 cum
552 4720 593 4803 ee]
604 4742 663 4783 om.
677 4725 727 4784 Gr.
1188 4741 1225 4793 ²4
1240 4741 1283 4797 sq.
1301 4723 1376 4782 Gen.
1398 4742 1442 4798 13,
1462 4725 1559 4794 14-16.

484 4825 528 4876 14.
543 4801 615 4884 Dei]
629 4803 1091 4881 post“obaudientiam''om.Gr.
1186 4824 1231 4874 24.
1248 4799 1286 4882 et]
1301 4808 1404 4888 antef‘
1419 4803 1489 4864 uide
1504 4805 1591 4865 ”om
1609 4811 1659 4870 Gr.
