4146 5578
633 496 1020 568 ORTHOGRAPHICA‚
1045 497 1202 559 LEXICA
1226 499 1281 556 ET
1303 497 1606 558 GRAMMATICA.
1738 495 1791 581 75

440 693 573 759 uerinus
591 717 598 756 ε
614 703 767 773 tempora
783 691 898 754 uerina
910 707 960 767 21,
977 707 1023 754 12.
1188 690 1366 754 tenderunt
1383 690 1500 754 suroris
1518 699 1594 756 ut...
1614 692 1792 755 immittere

440 778 1088 845 uinculatus:liberauinculatosnostros
1186 795 1237 858 43,
1256 793 1270 859 5
1292 801 1299 857 ;
1317 780 1360 840 ita
1377 788 1413 841 ut
1429 779 1670 859 blasphemiam
1696 778 1791 841 infer-

485 882 533 948 55,
554 885 600 932 10.
1187 868 1254 930 ri...
1285 866 1645 950 uobisquepericulum
1669 867 1792 930 immit-

438 957 565 1019 uiscera
581 955 702 1018 habere
718 952 765 1016 ad
776 952 917 1035 aliquem
935 970 985 1032 24,
1006 971 1052 1018 12.
1188 961 1257 1016 tere
1273 967 1325 1033 45,
1338 971 1365 1032 4.

440 1042 590 1107 uisitator
609 1056 657 1122 55,
671 1059 697 1122 3.
1141 1040 1308 1122 uulgaris:
1337 1043 1489 1124 uulgares
1512 1052 1635 1106 contra
1651 1041 1792 1104 honora-

440 1128 608 1192 uiuificare
628 1145 676 1209 54,
693 1147 739 1208 19.
1186 1137 1238 1194 tos
1254 1146 1284 1207 4,
1305 1147 1350 1208 14.

441 1238 536 1280 umor
547 1219 597 1294 26,
608 1219 637 1282 6.

441 1325 534 1379 unus,
555 1305 695 1385 genetiv.
723 1304 800 1368 uni:
821 1322 943 1366 nomen
961 1303 1029 1366 ueri
1057 1312 1090 1365 et

486 1389 541 1454 u'ni
558 1409 610 1470 41,
626 1409 672 1456 ιο.
1143 1373 1796 1454 xproc:8‚17;9‚7;10‚17;14,14

441 1497 560 1542 uocare
586 1499 657 1540 cum
684 1477 804 1560 infin:
836 1477 969 1540 uocauit
986 1497 1088 1542 non..
1185 1467 1239 1522 W·

485 1586 619 1647 sperare
635 1567 667 1628 in
680 1564 864 1647 principale
878 1578 926 1644 54,
943 1583 989 1628 11.

442 1663 477 1716 ut
530 1674 601 1716 cum
615 1651 790 1716 indicativo
800 1663 861 1732 pro
873 1651 1092 1716 com'unctivo:

486 1741 518 1802 in
543 1750 675 1802 tanturn
690 1739 886 1804 temeritatis
897 1749 974 1802 ut...
994 1739 1092 1804 ualde

486 1836 535 1889 est
548 1827 652 1890 lesum
668 1844 696 1904 2,
708 1843 735 1905 3.

527 1935 600 1977 cum
610 1914 777 1998 infinitivo
794 1933 801 1978 :
817 1913 850 1976 in
867 1922 998 1977 tantum
1015 1933 1092 1976 con·
1147 1912 1310 1998 zelotipus
1326 1932 1378 1994 42,
1399 1933 1445 1980 10.

1144 1711 1269 1774 ysopus
1286 1709 1333 1772 19,
1354 1709 1399 1756 10.

914 2913 1338 2997 CORRIGENDA

970 3363 979 3380 .
1089 3283 1165 3364 pro
1464 3269 1564 3370 lege

983 3465 1261 3564 iniquiquitates
1406 3469 1620 3568 iniquitates

1048 3615 1198 3692 Christo
1440 3623 1578 3720 Xpisto
