4146 5578
429 476 484 557 34
858 469 1105 530 CLEMENTIS
1128 471 1360 534 EPISTVLAE
1666 465 1781 548 [xxxxi

426 691 611 802 gloriam
632 702 674 770 et
696 688 909 771 uanitates
931 701 973 770 et
995 687 1344 772 inhumilitatem.
1370 687 1457 796 Qui
1480 687 1596 770 enim
1619 686 1782 770 iaciunt

428 830 530 930 haec,
558 826 741 910 odibiles
769 839 916 909 sunta
939 827 1050 929 Deo;
1088 854 1174 909 non
1207 839 1376 909 tanturn
1414 828 1576 911 faciunt
1608 856 1668 928 ea,
1705 828 1780 910 sed

426 968 555 1051 etiam
591 966 868 1050 consentiunt
909 964 1177 1047 facientibus,
1221 966 1345 1048 Dixit
1388 965 1505 1049 enim
1551 966 1777 1077 scriptura:

426 1107 651 1189 Peccatori
668 1109 816 1188 antern
837 1103 958 1186 dixit
979 1105 1118 1185 Dens:
1138 1104 1289 1210 Qnare
1305 1110 1354 1185 tn
1374 1132 1560 1188 enarras
1580 1107 1781 1190 insticias

426 1273 553 1345 errent,
577 1251 620 1327 et
640 1243 827 1326 assumis
854 1247 1162 1324 testarnentnrn
1184 1269 1325 1325 rnenrn
1354 1243 1400 1324 in
1420 1272 1474 1347 os
1513 1245 1674 1329 tnnrn?
1715 1248 1781 1329 Tn
1818 1235 1853 1330 5¹

425 1391 572 1466 antern
592 1378 727 1465 odisti
744 1380 1033 1492 disciplinam,
1056 1387 1100 1463 et
1115 1381 1313 1464 abiecisti
1326 1409 1538 1465 serinones
1558 1411 1670 1465 rneos
1677 1388 1782 1493 post

425 1530 476 1607 te.
500 1524 555 1606 Si
573 1521 925 1628 nidebasfnrern
959 1519 1239 1603 concurrebas
1270 1547 1367 1602 cnrn
1391 1547 1447 1622 eo,
1461 1521 1518 1603 ¹et
1536 1549 1634 1604 cnon
1655 1523 1781 1605 adnl-

425 1661 532 1744 teris
542 1660 788 1770 portionem
811 1658 1143 1766 tnarnponebas,
1167 1658 1226 1739 Os
1247 1662 1373 1740 tnnrn
1390 1659 1638 1742 abnndanit
1653 1662 1780 1743 naali-

423 1801 548 1900 ciorn,
571 1809 614 1880 et
634 1799 786 1906 lingna
808 1800 887 1877 tna
913 1790 1199 1878 concinnabat
1219 1794 1374 1879 dolnrn.
1393 1797 1554 1880 Sedens
1568 1800 1780 1882 adnersns

411 1939 613 2047 fratrern
630 1942 756 2018 tnnrn
777 1935 1046 2036 detrahebas,
1064 1940 1107 2016 et
1119 1933 1495 2042 adnersnsfilinrn
1517 1938 1676 2020 nratris
1693 1944 1779 2020 tnee
1802 1971 1831 2006 10

414 2079 606 2188 ponebas
625 2075 891 2160 scandalnrn.
930 2076 1042 2156 Hcec
1050 2074 1217 2182 fecisti,
1255 2080 1299 2157 et
1329 2076 1458 2157 tocni.
1484 2077 1792 2185 Existirnasti

424 2217 715 2325 iniqnitatern,
739 2215 857 2324 qnod
871 2240 941 2295 ero
963 2213 1046 2294 tibi
1062 2212 1241 2294 sinn'lis:
1262 2239 1450 2321 argnarn
1472 2220 1524 2314 te,
1547 2220 1591 2297 et
1610 2216 1779 2300 exibedo

423 2383 639 2438 cocorant
660 2361 711 2438 te.
736 2355 806 2436 Et
826 2352 1066 2460 intelligite
1087 2352 1179 2442 neec
1198 2379 1351 2454 ornneS,
1375 2353 1455 2460 qni
1471 2353 1781 2437 obliniscirnirn'

425 2473 584 2593 Denrn.
616 2522 668 2577 ne
701 2493 874 2601 qnando
909 2491 1062 2599 rapiat
1096 2496 1309 2599 tonqnanr
1346 2491 1419 2592 leo,
1442 2497 1486 2573 et
1505 2519 1587 2575 non
1621 2492 1682 2574 sit
1702 2494 1782 2601 qni

423 2633 595 2742 eripiat.
620 2631 899 2740 Sacrificinrn
920 2627 1069 2711 landis
1087 2629 1398 2736 nonorificanit
1418 2658 1494 2732 rne,
1518 2637 1562 2713 et
1586 2632 1676 2715 illic
1702 2631 1778 2714 nia
1802 2667 1829 2720 ιε

422 2773 467 2855 in
483 2800 570 2881 qna
591 2771 814 2855 ostendant
835 2768 905 2851 illi
922 2744 1121 2849 salntare
1142 2767 1237 2851 Dei.
1269 2815 1272 2820 -

479 2910 695 2993 XXXVI.
724 2909 834 2992 Haec
864 2919 933 3022 ,est
967 2907 1049 3007 uia,
1074 2906 1299 3009 carissimi,
1330 2908 1372 2988 in
1405 2937 1491 3019 qua
1532 2910 1779 2994 inuenimus

421 3051 605 3134 salutem
628 3047 755 3130 nobis
778 3047 821 3128 in
847 3045 1024 3128 ihesum
1048 3044 1285 3146 Christum,
1310 3049 1620 3158 pontificemet
1644 3049 1780 3134 aduo-

420 3202 563 3274 catum
615 3212 787 3297 precum
839 3196 1097 3284 nostrarum,
1141 3195 1182 3265 et
1222 3184 1464 3270 adiutorem
1512 3187 1778 3273 infirmitatis

423 3340 593 3409 nostrae.
621 3327 701 3407 Per
734 3325 848 3406 hunc
885 3323 1104 3404 intuemur
1138 3322 1181 3403 in
1221 3323 1309 3405 alta
1343 3327 1546 3409 caelorum
1585 3329 1679 3430 Dei,
1704 3357 1777 3439 per
1797 3361 1830 3398 20

463 3511 486 3546 1.
497 3483 736 3565 t'niinrnr'litatem]
745 3487 891 3545 Mendum
903 3484 981 3544 dicat
994 3484 1068 3560 qulS,
1159 3481 1220 3565 Et]
1234 3498 1302 3546 ante
1320 3491 1336 3520 “
1352 3487 1507 3565 intelligite
1520 3491 1534 3516 ”
1549 3509 1606 3548 om.
1640 3491 1690 3549 Gr.

422 3589 475 3648 pro
492 3567 809 3644 “inhospitalitatem''.
830 3570 879 3627 Gr.
898 3567 1067 3643 ἀφιλοξενίαν.
1164 3585 1207 3642 15.
1238 3567 1453 3649 norrorificanit]
1484 3569 1566 3629 nolui
1599 3583 1713 3630 mutare
1744 3573 1773 3630 in

421 3655 562 3711 Attamen
579 3652 608 3708 in
630 3650 735 3708 codice
759 3650 917 3708 Alexandr.
945 3648 1070 3706 habetur
1122 3648 1363 3709 “honorificabit
1381 3654 1405 3711 ''.

422 3735 573 3810 φιλοξενίαν,
585 3733 668 3807 quod
680 3727 816 3788 nonnulli
829 3729 990 3806 legendum
1005 3747 1069 3786 esse
1165 3733 1208 3788 16.
1226 3732 1257 3788 in
1272 3728 1342 3810 qua]
1360 3734 1410 3793 Gr.
1430 3737 1447 3764 “
1459 3753 1548 3809 quam
1565 3734 1588 3792 '’.

422 3814 578 3891 ottoviano
585 3813 782 3889 νεὶφιλοδοξίαν
795 3811 852 3870 iam
865 3809 936 3870 olim
946 3821 1069 3869 conten·
1165 3813 1208 3870 18.
1225 3809 1269 3890 in]
1282 3826 1352 3872 ante
1369 3818 1385 3845 “
1403 3816 1524 3874 ihesum
1536 3817 1551 3844 ''
1567 3835 1721 3891 perperam
1735 3817 1776 3876 in·

422 3897 539 3956 derunt.
1121 3892 1211 3951 seruit
1247 3894 1351 3965 scriba,
1383 3899 1464 3955 nulla
1489 3896 1568 3956 enim
1596 3899 1775 3975 praepositio

466 3997 490 4035 2.
508 3995 564 4034 non
589 3971 716 4054 tanturn]
726 3973 854 4033 subaudi
878 3978 894 4004 “
910 3972 961 4049 qui
977 3973 999 4031 '’.
1121 3973 1152 4032 in
1168 3976 1217 4034 Gr.
1246 3975 1329 4036 Huic
1354 3990 1455 4038 autem
1481 3979 1641 4038 addendae
1671 3999 1773 4039 ansam

464 4079 489 4133 3.
508 4060 558 4116 Gr.
577 4061 594 4088 “
612 4056 691 4114 Dicit
706 4057 729 4114 ²¹.
1121 4055 1241 4115 dedisse
1255 4057 1390 4133 suspicor
1415 4059 1573 4119 maximam
1590 4079 1680 4136 quam
1700 4061 1776 4120 inter

463 4141 543 4211 4-16.
560 4141 605 4196 Ps.
629 4158 675 4213 49,
692 4140 755 4195 16-2
761 4157 786 4212 3.
1121 4157 1153 4196 se
1169 4138 1279 4197 habent
1309 4140 1421 4201 litterae
1438 4144 1487 4200 IH
1503 4155 1532 4200 et
1549 4143 1595 4200 IN
1611 4140 1777 4202 similitudi-

465 4239 490 4296 5.
508 4217 552 4298 in]
580 4221 625 4277 Ita
650 4220 731 4278 Alex.
771 4220 813 4275 ἐπὶ
832 4239 840 4291 ;
862 4219 965 4278 Const.
988 4236 1068 4290 vero,
1124 4239 1203 4278 nem.

422 4305 482 4378 Syr.
500 4313 528 4360 et
547 4303 629 4358 LXX
646 4305 662 4330 “
689 4319 737 4374 per
752 4301 776 4371 '',
802 4303 851 4358 διά.
1167 4321 1209 4376 19.
1215 4300 1559 4383 prectcrn]“0blationum
1570 4305 1584 4333 ''
1594 4317 1775 4384 (προσφορῶν)

462 4387 488 4442 8.
502 4383 665 4440 abrcrrdanit
692 4377 849 4460 rnoliciarn]
880 4380 1070 4440 Graecismus
1122 4385 1172 4442 Gr.
1189 4382 1378 4459 quiquidem
1402 4386 1459 4444 hoc
1475 4389 1567 4447 modo
1587 4390 1676 4447 verba
1701 4389 1776 4447 inter

421 4467 575 4522 ἐπλεόνασεν
588 4465 691 4520 κακίαν.
1122 4483 1153 4523 se
1165 4465 1316 4524 connectit
1331 4489 1337 4526 :
1354 4469 1372 4499 “
1388 4466 1559 4543 pontificem
1585 4462 1774 4528 'oblationum

465 4567 507 4604 12.
525 4541 718 4623 tiir'quitatem]
742 4546 788 4602 Ita
813 4544 908 4601 codex
934 4543 1070 4618 Syriacus
1122 4558 1297 4618 nostrarum,
1323 4549 1503 4607 advocatum
1540 4563 1568 4609 et
1606 4551 1774 4610 adiutorem

419 4647 488 4686 cum
501 4629 599 4699 LXX3
611 4626 769 4684 Alexandr.
782 4635 882 4683 autern
901 4626 1030 4700 “inique
1045 4628 1067 4684 '’.
1123 4627 1299 4686 infirmitatis
1316 4645 1433 4689 nostrae
1449 4631 1471 4688 ’'.

465 4729 507 4783 13.
523 4704 568 4786 ea]
585 4708 660 4768 Cod.
674 4708 757 4765 Alex.
776 4709 794 4768 ,“
809 4716 838 4765 te
853 4707 883 4778 ”3
898 4707 959 4781 Syr.
974 4711 991 4737 “
1004 4727 1070 4782 pec·
1164 4729 1208 4767 20.
1229 4705 1297 4787 Dei]
1314 4715 1439 4798 ompGr.

419 4791 581 4848 catatua’'.
