4146 5578
398 477 451 533 20
819 461 1065 522 CLEMENTIS
1088 459 1322 517 EPISTVLAE
1697 451 1754 533 [xx

396 687 564 772 caustis
585 713 668 768 non
691 685 976 768 delectaberis.
996 681 1276 790 Sacrificium
1292 681 1384 762 Deo
1399 679 1584 788 spiritus
1599 679 1757 760 contri-

397 828 592 910 bulatus:
632 851 706 906 cor
739 823 1079 906 contribulatum
1114 826 1156 902 et
1192 818 1480 901 humiliatum
1513 818 1636 900 Deus
1674 843 1756 899 non

395 969 578 1075 spernet.

457 1101 586 1186 XIX.
618 1101 732 1182 Cum
754 1125 856 1210 ergo
878 1098 987 1180 tanti
1021 1097 1108 1179 sint
1139 1109 1180 1178 et
1215 1097 1335 1198 taleS,
1369 1095 1530 1206 quibus
1562 1096 1756 1178 testimo-

397 1239 693 1322 nium-clatum
715 1249 792 1330 est,
816 1249 858 1318 et
888 1235 1229 1318 hunriliauerunt
1261 1262 1306 1316 se
1328 1247 1500 1344 propter
1521 1234 1757 1316 obaudien-
1793 1264 1805 1318 s

396 1379 501 1461 tiam
526 1377 620 1476 Dei,
648 1403 733 1457 non
756 1403 831 1485 per
851 1403 896 1457 se
919 1403 1010 1475 nos,
1036 1375 1110 1456 sed
1132 1375 1268 1483 etqui
1291 1387 1390 1456 ante
1408 1367 1493 1455 'nos
1515 1375 1689 1456 fuerunt
1712 1375 1755 1456 in

384 1517 553 1616 'seculo
579 1515 778 1597 meliores
801 1513 1001 1612 fecerunt,
1020 1525 1061 1595 et
1082 1541 1155 1594 eos
1178 1513 1251 1623 qui
1284 1525 1563 1622 perceperunt
1584 1511 1755 1623 eloquia

395 1655 489 1736 eius
512 1680 609 1736 cum
642 1652 795 1734 timore
826 1664 867 1734 et
904 1653 1093 1734 ueritate.
1133 1653 1275 1733 Multa
1308 1679 1411 1761 ergo
1442 1664 1483 1734 et
1519 1679 1678 1763 magna
1713 1664 1753 1734 et

395 1805 547 1876 ornata
567 1801 666 1874 cum
688 1789 1015 1901 perceperimus,
1052 1817 1320 1872 recurramus
1355 1789 1409 1871 ad
1445 1819 1540 1873 eam
1562 1818 1672 1900 quae
1701 1790 1755 1872 ab

398 1935 523 2016 initio
545 1931 703 2015 tradita
724 1943 789 2014 est
811 1930 938 2014 nobis
970 1931 1087 2041 pacis
1125 1930 1323 2034 formula,
1361 1942 1402 2012 et
1434 1929 1679 2011 intueamur
1710 1929 1752 2010 in
1776 1965 1805 1999 ιο

398 2087 515 2185 patre
536 2085 578 2155 et
599 2083 786 2154 creatore
808 2069 952 2153 omnis
973 2069 1091 2151 orbis
1113 2081 1333 2168 terrarum,
1358 2082 1398 2152 et
1435 2068 1606 2180 magnis
1627 2080 1669 2151 et
1691 2069 1754 2150 in-

399 2211 562 2295 mensis
603 2209 721 2320 pacis
758 2209 875 2290 illius
911 2207 1039 2290 donis
1076 2208 1314 2292 hereamus.
1348 2207 1592 2292 Uideamus
1630 2209 1752 2292 illum

398 2377 527 2432 sensu
552 2359 713 2446 nostro,
737 2357 778 2428 et
800 2347 1046 2429 intueamur
1066 2347 1202 2429 oculis
1223 2347 1381 2430 anirnae
1413 2359 1573 2431 nostrae
1602 2349 1646 2430 in
1678 2376 1753 2430 uo-

398 2489 562 2569 luntate
580 2485 804 2597 pacientiae
826 2485 955 2566 illius.
984 2485 1295 2596 intellegamus
1317 2485 1433 2596 quod
1471 2486 1564 2569 sine
1596 2486 1658 2567 ira
1687 2498 1753 2568 est

397 2625 441 2706 in
463 2649 637 2706 omnem
659 2634 895 2705 creaturam
919 2650 1054 2706 suam.
1741 2712 1743 2724 ,
1775 2653 1803 2705 15

457 2761 671 2845 XX.Caeli
695 2761 812 2842 illius
835 2761 1122 2872 dispositione
1143 2765 1463 2847 commouentia
1480 2793 1635 2849 secum
1653 2795 1753 2876 pace

397 2901 640 2986 obaudiunt
671 2899 757 2999 illi;
791 2900 883 2981 dies
919 2911 960 2981 et
997 2928 1081 2981 nox
1117 2899 1267 2982 datum
1299 2901 1381 2984 sibi
1412 2903 1467 2984 ab
1497 2932 1547 2987 eo
1578 2933 1752 3009 cursum

397 3040 624 3150 explicant,
650 3037 758 3119 nihil
777 3038 887 3120 inter
908 3066 953 3120 se
976 3039 1270 3148 impedientes,
1293 3040 1370 3122 Sol
1393 3055 1434 3123 et
1451 3042 1554 3124 luna
1570 3056 1611 3126 et
1628 3045 1754 3126 stela-

398 3209 492 3263 rum
516 3179 672 3261 chorus
695 3176 935 3258 secundum
958 3177 1126 3259 iussum
1150 3177 1267 3259 illius
1289 3205 1385 3259 cum
1412 3181 1639 3264 concordia
1662 3185 1754 3266 sine

397 3317 516 3400 omni
554 3315 894 3426 preuaricatione·
924 3315 1138 3424 explicant
1176 3316 1318 3398 iussos
1351 3318 1459 3401 lines
1488 3319 1581 3402 sibi.
1622 3322 1755 3404 Terra
1773 3359 1805 3395 20

441 3553 493 3592 1·2.
511 3533 736 3590 contribulatus:
750 3527 1049 3609 corcontribulalum]
1143 3531 1173 3586 in
1187 3523 1287 3605 patre]
1318 3529 1404 3588 Conf.
1433 3550 1520 3607 supra
1546 3551 1572 3608 p.
1602 3536 1628 3600 8,
1650 3535 1666 3592 l.
1686 3552 1701 3611 5
1726 3547 1754 3595 et

397 3613 536 3674 Similiter
562 3613 591 3670 in
627 3633 734 3688 graeco
758 3609 900 3686 repetitur
925 3611 1048 3669 verbum
1101 3609 1176 3668 infra
1191 3612 1208 3668 l.
1230 3631 1274 3685 13.

398 3695 629 3769 συντετριμμένην.
1129 3693 1753 3776 13-14.inuoluntulepacz'entt'ceillius]Idem

439 3793 464 3852 5.
481 3777 717 3834 kumilbuerunt
736 3770 775 3853 se]
805 3774 882 3848 Quae
910 3773 978 3831 add.
997 3775 1046 3832 Gr.
1102 3773 1223 3832 dicendi
1239 3777 1346 3835 modus
1357 3796 1392 3836 ac
1406 3795 1494 3852 supra
1508 3797 1532 3850 p.
1551 3798 1595 3852 13,
1609 3779 1624 3836 l.
1645 3799 1686 3854 19.
1702 3782 1751 3839 Gr.

397 3864 442 3917 καὶ
469 3865 500 3916 τὸ
530 3860 639 3922 ὖποδεές
674 3857 704 3914 in
734 3853 928 3914 translatione
951 3867 1050 3913 nostra
1102 3856 1138 3920 εἷς
1150 3860 1181 3912 τὸ
1195 3861 1367 3932 μακρόθυμον
1381 3860 1461 3916 ἀυτοῦ
1476 3859 1609 3932 βούλημα.

271 3977 275 3983 ,
398 3939 582 3998 omittuntur.
1105 4001 1108 4005 ,
1129 3937 1395 4019 14.quod]fort.pro
1407 3945 1424 3971 “
1435 3943 1672 4016 quomodo”.Gr.
1684 3954 1752 4009 πῶς.

439 4024 464 4080 6.
482 4017 557 4100 Dei]
573 4019 638 4084 voci
655 4023 672 4051 “
688 4017 882 4080 obaudientia
896 4018 1049 4077 ”libenter
1102 4021 1147 4078 Ita
1163 4020 1252 4080 etiarn
1267 4021 1365 4097 infra§
1376 4043 1408 4080 21
1429 4026 1446 4053 ‘⁶
1469 4021 1579 4080 scimus
1602 4023 1670 4100 quia
1693 4025 1754 4083 ubi·
1865 4063 1866 4068 κ

398 4101 482 4162 addit
505 4101 657 4178 interpres,
688 4103 733 4162 Cf.
755 4121 843 4178 supra
868 4120 895 4177 p.
923 4121 967 4173 10,
995 4102 1046 4174 l.7
1100 4104 1233 4176 que...'’.

398 4195 427 4244 et
446 4203 489 4256 14,
1144 4187 1186 4242 16.
1216 4182 1432 4264 cornmouentia]
1463 4186 1544 4243 nolui
1579 4200 1694 4247 mutare
1722 4187 1752 4246 in

380 4312 381 4316 ,
435 4262 548 4344 perse]
592 4266 749 4336 anrlrov.
778 4265 893 4322 Eadem
923 4261 1046 4322 fereris
1100 4267 1117 4295 “
1132 4278 1359 4325 commonentes
1375 4269 1398 4325 '’.

399 4346 558 4405 locutionis
582 4351 599 4378 “
615 4365 666 4422 per
693 4345 824 4422 seipsum
836 4347 851 4373 ''
874 4345 954 4420 apud
978 4343 1051 4402 anti·
1141 4366 1169 4404 se
1183 4344 1258 4426 cum]
1274 4349 1350 4408 Cod.
1369 4367 1429 4406 uno
1441 4358 1544 4408 tenore
1561 4353 1578 4380 “
1594 4367 1695 4408 secum
1706 4352 1730 4408 ''.

398 4427 575 4504 quissimum
588 4427 705 4487 Irenaei
717 4428 908 4504 interpretem
931 4425 980 4485 lib.
996 4427 1048 4498 IV,
1147 4430 1190 4485 18.
1208 4426 1399 4509 impedientes]
1423 4428 1534 4506 scripsi.
1553 4433 1611 4490 Ms.
1630 4435 1647 4462 ‘⁴
1662 4431 1752 4508 impe-

400 4529 425 4568 c.
445 4526 470 4584 7,
488 4529 514 4566 n.
533 4530 559 4581 4.
1102 4507 1186 4568 dient
1201 4508 1261 4567 ei''.

440 4611 466 4667 9.
483 4588 601 4671 ornata]
612 4592 661 4650 Gr.
676 4593 795 4658 ἐνδόξων.
810 4593 855 4652 Cf.
870 4609 965 4666 supra,
983 4610 1012 4667 p.
1023 4593 1050 4664 8,
1142 4588 1294 4670 stelarum]
1311 4593 1357 4650 Ita
1372 4593 1475 4650 codex.

399 4674 415 4732 1,
435 4693 460 4732 2,
1146 4691 1191 4730 20.
1202 4669 1506 4752 preuaricatc'one]1ta
1522 4673 1667 4750 legiturin
1682 4677 1749 4734 cod.

443 4773 486 4815 ιο.
502 4751 681 4838 intueamur]
706 4775 724 4812 a
743 4772 806 4832 sup.
824 4752 873 4814 lin.
890 4753 958 4812 add.
979 4773 990 4812 1
1009 4772 1046 4813 m.
1102 4753 1205 4816 Const.
1234 4757 1429 4831 παραβάσεωςε
1459 4757 1542 4831 quod
1572 4757 1750 4816 vocabulum
