4146 5578
442 426 487 483 VI
992 425 1244 484 PRAEFATIO.

442 606 730 744 quaerenda
773 628 889 710 sunt
894 647 1147 763 quorum
1180 607 1317 744 prius
1355 607 1584 715 illudt
1511 632 1656 732 est,a
1693 654 1796 748 quo

440 749 520 862 vel
569 749 774 886 quando
819 693 1046 906 conlecta
1089 770 1183 868 s1t;
1134 749 1296 853 al
1279 771 1453 874 erum
1502 752 1625 910 quid
1680 795 1795 859 con-

441 891 562 997 ferat
587 890 773 995 adet
670 913 773 996 tter<
777 931 859 994 um
884 887 1013 1027 epist
996 888 1127 994 tulae
1145 890 1366 1026 pressius
1385 917 1568 998 constit
1511 894 1795 1000 tituendum

369 1050 371 1060 '
442 1033 795 1139 etmeliust
723 1073 772 1137 m
778 1031 1133 1170 t.ellegendum

517 1175 743 1279 Priorem
803 1173 1245 1311 interrogationem
1314 1175 1507 1280 solvere
1575 1178 1796 1312 cupienti

442 1317 577 1421 nulla
621 1338 899 1454 suppetunt
944 1337 1150 1420 externa
1175 1322 1483 1453 argumenta.
1523 1319 1664 1454 Nam
1710 1320 1796 1455 qui

441 1459 539 1564 lere
578 1457 784 1562 ultimus
811 1457 939 1562 inter
969 1457 1181 1561 Latinos
1215 1500 1241 1562 e
1270 1458 1553 1564 Clementis
1586 1459 1798 1597 epistula

440 1600 631 1736 aliquid
686 1599 890 1736 protulit
872 1621 1150 1703 ttsancus
1211 1599 1563 1738 Hieronymus
1614 1643 1796 1740 graeco

441 1743 630 1864 codice,
658 1764 713 1845 ut
695 1740 950 1845 tsimilius
977 1740 1081 1846 veri
1114 1762 1201 1862 est,
1231 1766 1362 1846 cene
1402 1783 1503 1848 non
1545 1772 1615 1866 ea,¹
1644 1785 1793 1901 quam

443 1885 597 2012 modo
624 1882 837 2020 edimus,
865 1881 1192 2038 translatione
1235 1898 1289 1987 ut
1272 1884 1408 1988 eba
1390 1907 1500 1990 ur
1528 1886 1666 2023 quod
1693 1926 1795 2022 qur-

443 2028 560 2132 dem
588 2068 649 2130 ex
688 2047 946 2161 comparat
951 2023 1066 2128 ione
1091 2024 1360 2130 verborum
1393 2026 1508 2132 allat
1490 2051 1655 2132 torum
1698 2027 1796 2164 pla-

445 2210 567 2273 num
595 2167 693 2272 fiet.

598 2406 944 2506 Hieronymus
1227 2409 1433 2488 Latinus
1462 2410 1723 2510 interpres:

562 2554 697 2626 Comm.
719 2557 759 2625 z'n
777 2555 827 2626 Is.
844 2553 899 2625 lz'z'.
918 2575 986 2645 13:

495 2696 693 2790 Sceptrum
726 2696 798 2768 Dei
829 2695 1015 2767 Dominus
1042 2695 1096 2767 le·
1200 2693 1397 2789 Sceptrum
1443 2693 1646 2767 maiestatis
1692 2691 1797 2790 (cod.

444 2823 507 2871 sus
540 2797 712 2870 Christus
748 2822 822 2868 non
852 2795 954 2868 venit
983 2797 1018 2868 in
1048 2797 1096 2867 ia·
1149 2791 1797 2892 mendose.·Scriptumesumaiestas)

445 2898 582 2972 etantia
620 2898 824 2994 superbiae,
859 2923 942 2969 cum
979 2898 1097 2992 possit
1153 2893 1225 2967 Dei
1256 2895 1442 2968 Dominus
1478 2895 1610 2970 ihesus
1639 2897 1798 2992 Xpistus

445 3001 579 3084 omnia,
596 3001 662 3072 sed
682 3001 717 3072 in
734 2998 951 3073 humilitate.
1151 3021 1224 3068 non
1262 2998 1363 3070 uenit
1398 3023 1481 3070 cum
1529 3023 1623 3070 sono
1658 2997 1797 3095 gloriae,

1149 3098 1319 3192 quamuis
1349 3116 1504 3194 poterat,
1526 3097 1591 3172 sed
1621 3123 1704 3171 cum
1733 3096 1799 3169 hu-

1152 3198 1315 3273 militate.

531 3349 666 3422 Comm.
688 3350 728 3420 in
747 3346 881 3443 Ephes.
904 3347 943 3418 z'z'.
965 3369 988 3416 2
1002 3372 1014 3417 .·

497 3495 672 3568 Oceanus
696 3509 733 3564 et
765 3491 892 3563 mundi
911 3489 974 3586 qui
994 3506 1097 3561 trans
1203 3486 1425 3558 Oceanus...
1467 3507 1504 3558 et
1544 3487 1666 3560 omnis
1700 3486 1802 3560 orbis

446 3597 567 3692 ipsum
586 3610 683 3666 sunt.
737 3659 740 3664 .
1152 3605 1341 3660 terrarum.

651 3743 885 3817 Mdmr:

497 3887 693 3964 Vinculum
719 3886 881 3960 caritatis
913 3885 985 3959 Dei
1014 3885 1098 3980 quis
1204 3879 1401 3953 Vinculum
1433 3881 1594 3953 caritatis
1634 3879 1706 3953 Dei
1739 3881 1803 3975 qui

449 3992 582 4088 poterit
601 3987 802 4064 enarrare?
1152 3999 1274 4079 potest
1286 3981 1483 4182 enprrare?
1499 3979 1600 4080 (Coa
1619 3981 1804 4054 mendose:

1152 4108 1334 4160 temerare
1356 4142 1362 4154 .

527 4297 781 4404 Maiorem
820 4293 986 4398 adhuc
1024 4289 1486 4396 dissimilitudinem
1528 4287 1680 4391 habet
1725 4289 1801 4390 lo-

450 4441 642 4545 hannes
669 4438 749 4543 ille
788 4437 1069 4554 Romanus,
1093 4453 1240 4569 prout
1267 4430 1424 4536 cuiuis
1465 4433 1712 4566 fragment
1716 4469 1801 4532 um

450 4626 480 4688 a
506 4582 562 4686 cl
599 4581 679 4686 Pit
663 4604 736 4686 tra
761 4578 863 4684 edit
846 4601 952 4682 tum
980 4616 1095 4680 cum
1122 4573 1361 4708 anonymi
1384 4596 1496 4678 nost
1500 4611 1537 4677 rr
1566 4613 1614 4675 rn
1619 4595 1800 4708 t-erpre

452 4725 640 4830 tatione
666 4719 938 4827 conferenti
966 4716 1170 4854 pallebit.
