4146 5578
390 496 445 577 50
818 483 1064 545 CLEMENTIS
1088 485 1321 545 EPISTVLAE
1693 477 1745 560 [tv

392 709 628 811 uolueritis
658 722 700 793 et
731 709 839 793 facio
872 735 982 818 quae
1004 709 1208 792 iuuentus
1228 737 1254 791 a
1279 708 1418 818 plebe;
1451 719 1620 790 tantum
1641 733 1745 816 grex

394 849 541 961 Xpisti
574 876 672 932 cum
709 876 810 960 pace
843 847 900 930 sit
933 875 1031 930 cum
1063 846 1313 929 constitutis
1346 843 1605 955 presbiteris.
1648 843 1746 922 Hoc

393 990 552 1072 faciens
574 988 656 1071 Sibi
689 988 770 1098 ipsi
808 1015 1011 1098 magnam
1046 985 1230 1097 gloriam
1267 985 1311 1066 in
1346 983 1506 1094 Xpisto
1541 981 1742 1090 adquirit,

392 1127 535 1210 omnis
550 1127 668 1210 locus
691 1125 896 1236 suscipiet
917 1152 1027 1209 eum.
1046 1125 1231 1209 Dornn'nr'
1243 1130 1308 1207 est
1324 1125 1438 1208 enim
1458 1129 1577 1206 tenna
1598 1127 1641 1204 el
1651 1121 1745 1230 ple-

391 1263 544 1346 nz‘tnn'o
575 1263 676 1347 eins,
705 1264 825 1364 Haec,
864 1263 938 1373 qui
973 1262 1065 1346 sine
1087 1265 1323 1374 penitentia
1358 1261 1600 1347 conuersati
1628 1273 1742 1363 sunt,
1782 1292 1795 1344 s

391 1403 581 1485 lecerunt
602 1415 643 1484 et
666 1402 839 1484 faciunt.

448 1542 539 1626 LV.
578 1540 737 1623 Adhuc
776 1554 921 1624 autem
957 1554 999 1624 et
1032 1543 1228 1654 exempla
1251 1543 1449 1654 gentium
1484 1541 1741 1624 adferamus,

392 1680 522 1762 Multi
545 1707 666 1791 reges
683 1693 724 1762 et
746 1680 888 1779 duces
913 1692 1032 1790 peste
1053 1681 1242 1792 quadam
1259 1681 1447 1762 instante
1469 1707 1543 1788 per
1559 1691 1741 1788 tempus

392 1819 644 1902 monitionis
665 1819 861 1932 acceptis
889 1817 1160 1901 tradiderunt
1183 1845 1227 1901 se
1246 1818 1289 1899 in
1319 1829 1466 1917 morte,
1501 1829 1548 1899 ut
1570 1816 1745 1899 elibera-

391 1969 484 2040 rent
505 1984 580 2068 per
602 1984 730 2039 suum
754 1957 1012 2068 sanguinem
1029 1955 1144 2039 ciues
1163 1983 1277 2040 suos,
1300 1954 1431 2036 Multi
1454 1953 1745 2036 discesserunt
1767 1986 1797 2022 10

392 2095 443 2178 de
464 2095 716 2178 ciuitatibus
738 2096 842 2198 suis
867 2123 919 2178 ne
941 2095 1102 2178 sedicio
1138 2095 1256 2178 fieret
1292 2092 1487 2203 plurima.
1526 2091 1745 2173 Nouimus

393 2235 553 2317 multos
587 2235 628 2351 in
669 2236 808 2336 nobis
841 2236 915 2346 qui
950 2263 995 2318 se
1028 2231 1299 2317 tradiderunt
1331 2229 1529 2329 uinculis,
1555 2241 1602 2310 ut
1636 2229 1745 2311 alios

393 2371 640 2474 liberarent;
678 2373 840 2454 multos
882 2401 927 2455 se
969 2373 1087 2484 ipsos
1132 2370 1350 2454 tradentes
1395 2367 1438 2448 in
1489 2367 1745 2450 seruitutem

391 2522 562 2618 accepto
579 2509 720 2618 precio
742 2520 822 2592 suo
843 2511 952 2593 alios
968 2511 1231 2592 cibauerunt.
1255 2505 1410 2587 Multae
1428 2505 1629 2587 mulieres
1647 2532 1746 2588 con-

392 2626 560 2729 fortatae
580 2647 719 2757 gratia
742 2648 823 2730 Dei
847 2649 1112 2758 perfecerunt
1135 2644 1272 2726 multa
1293 2643 1430 2726 fortia.
1467 2643 1616 2751 Iudith
1649 2643 1747 2728 bea·
1769 2675 1797 2729 15

393 2783 573 2885 tissima,
597 2811 695 2866 cum
707 2784 977 2868 obsideretur
997 2785 1163 2885 ciuitas
1183 2780 1422 2893 postulauit
1442 2807 1467 2861 a
1489 2783 1744 2886 senioribus

392 2919 553 3002 dimitti
576 2947 621 3002 se
642 2920 759 3003 abire
781 2921 824 3002 in
846 2934 985 3004 castra
1000 2923 1357 3032 alienigenarum
1381 2918 1554 3001 tradens
1571 2948 1617 3003 se
1639 2924 1748 3033 peri-

392 3059 489 3140 culo
509 3059 613 3140 exiit
633 3071 806 3169 propter
840 3060 1114 3144 dilectionem
1146 3059 1296 3170 patriae
1319 3071 1361 3140 et
1383 3059 1530 3168 populi
1563 3061 1636 3170 qui
1659 3075 1748 3145 erat

395 3198 439 3278 in
453 3198 740 3298 conclusione,
757 3212 798 3281 et
815 3199 992 3283 tradidit
1009 3201 1228 3283 Dominus
1248 3199 1539 3281 Holofernum
1554 3200 1597 3281 in
1617 3227 1748 3283 manu

396 3337 578 3454 seminae.
608 3339 709 3420 Non
732 3339 878 3422 minus
910 3353 951 3422 et
980 3341 1164 3450 perlecta
1198 3341 1241 3420 in
1271 3338 1355 3420 fide
1379 3339 1540 3421 Hester
1560 3341 1749 3449 periculo
1769 3370 1801 3406 20

396 3503 441 3556 se
463 3475 641 3576 inmisit,
661 3491 708 3558 ut
723 3489 898 3586 gentem
923 3479 1067 3579 lsrael,
1092 3507 1201 3590 quae
1223 3477 1359 3587 perire
1381 3477 1622 3588 incipiebat,
1647 3481 1750 3566 libe-

396 3626 516 3698 raret.
537 3615 617 3696 Per
639 3614 799 3697 ieiunia
819 3617 935 3698 enim
964 3629 1005 3698 et
1037 3616 1282 3700 humilitate
1318 3643 1398 3697 sua
1428 3615 1652 3726 deprecata
1686 3636 1751 3706 est

440 3822 461 3860 1.
480 3797 630 3880 innmlur]
647 3801 790 3878 posterior
805 3820 910 3860 manus
927 3802 1050 3862 mutavit
1104 3801 1265 3862 “monitis'’
1280 3802 1472 3862 scribendum
1487 3802 1576 3864 luisse
1592 3805 1678 3867 sacile
1690 3828 1752 3885 per-

398 3881 429 3941 in
446 3887 463 3914 “
480 3882 619 3941 iubentur
634 3885 657 3941 ''.
1102 3885 1221 3961 spicies.

438 3985 463 4040 3.
476 3960 621 4042 adquirit]
637 3965 702 4040 lege
716 3968 732 3995 “
744 3965 880 4040 adquiret
892 3967 916 4024 '’.
1143 3987 1168 4042 9.
1201 3973 1235 4024 nt
1257 3963 1439 4045 elt'berarenl]
1466 3967 1586 4026 Vocalis
1614 3990 1627 4028 e
1666 3969 1751 4031 initio

313 4116 317 4128 .
432 4059 463 4117 ’4.
482 4048 528 4104 Ps.
546 4065 594 4121 23,
620 4066 643 4104 1.
1082 4047 1181 4108 'verbi
1210 4051 1227 4079 “
1243 4047 1400 4106 liberarent
1411 4049 1431 4098 *”
1457 4047 1566 4108 inserta
1589 4062 1640 4122 est,
1667 4055 1751 4129 quod

439 4146 464 4202 5.
477 4128 599 4203 quisine
609 4128 769 4204 penitentia
784 4128 949 4186 conuersati
966 4125 1048 4208 sunt]
1101 4128 1241 4189 videlicet
1257 4131 1346 4205 paulo
1358 4127 1492 4205 asperius
1503 4144 1622 4192 sonaret
1634 4131 1754 4194 litterat

398 4207 466 4266 Vim
490 4227 663 4285 graecorum
687 4210 844 4269 verborum
871 4228 974 4286 parum
1002 4230 1048 4268 ac·
1099 4210 1181 4271 alteri
1211 4210 1389 4270 consonanti
1416 4213 1584 4286 praemissa.
1612 4215 1749 4275 Eandem

396 4289 683 4366 cepitinterpres:0l
699 4293 900 4362 πολιτευόμενοι
917 4295 964 4362 τὴν
986 4293 1047 4362 ἀμε-
1091 4292 1350 4371 ¹consuetudinem
1379 4303 1504 4364 servant,
1534 4294 1586 4370 qui
1615 4297 1749 4372 putidius

332 4399 338 4413 ’
396 4374 547 4443 ταμέλητον
556 4374 691 4429 πολιτείαν
700 4380 748 4428 τοῦ
761 4380 838 4430 θεοῦ.
1100 4375 1271 4450 loquuntur,
1289 4385 1390 4432 nostra
1405 4386 1502 4434 aetate
1518 4375 1594 4434 Itali.
1620 4417 1621 4420 κ

438 4456 464 4512 6.
472 4447 604 4529 faciunt]
620 4456 669 4513 Gr.
689 4453 830 4512 “'lacient
841 4455 863 4512 ''.
1144 4476 1186 4530 13.
1218 4450 1334 4534 ntnltor]
1371 4456 1435 4531 lege
1479 4461 1496 4488 “
1526 4457 1611 4517 multi
1646 4480 1678 4520 se
1711 4461 1751 4538 ip·

438 4539 463 4593 8.
489 4545 566 4612 peste
603 4537 767 4611 quadam...
789 4531 917 4614 acceptis]
949 4537 1059 4614 Locus¹
1099 4555 1148 4595 sos
1162 4539 1186 4595 ''.

398 4616 514 4694 nonita
535 4630 615 4677 sartu
637 4615 738 4676 facilis.
764 4618 821 4674 Pro
845 4621 862 4647 “
877 4617 1007 4675 instante
1022 4617 1046 4688 ''‚
1142 4638 1187 4678 20.
1204 4614 1312 4698 minus]
1329 4619 1375 4676 Ita
1394 4619 1483 4678 codd.
1506 4620 1608 4681 Const.
1631 4635 1660 4683 et
1676 4627 1736 4702 Syr.
1742 4647 1750 4700 3

397 4694 427 4756 in
443 4700 509 4758 cod.
527 4699 633 4776 legitur
647 4702 665 4730 ‘⁴
676 4697 820 4757 instantes
832 4698 857 4771 ”3
868 4717 921 4774 pro
934 4696 1047 4756 “moni-
1099 4699 1258 4758 Alexandr.
1283 4710 1383 4759 autem
1400 4698 1542 4760 “minori
1559 4705 1581 4762 '’.
1599 4703 1616 4763 i.
1633 4725 1657 4765 e.
1676 4707 1749 4784 peri·

397 4778 512 4840 tionis''
545 4793 656 4853 autem,
691 4783 708 4812 ‘¹
723 4778 940 4838 monitionibus
952 4781 967 4806 ''
1000 4779 1047 4838 vel
1099 4781 1176 4840 culo.
1266 4790 1267 4793 ’
