4146 5578
463 573 508 656 lv]
895 579 1051 640 VERSIO
1073 579 1391 655 ANTIQVISSIMA.
1798 579 1823 663 5

465 796 649 906 negabat
682 799 1067 884 omnia'mandata
1087 801 1192 902 eius,
1216 800 1437 882 ambulare
1473 797 1704 880 uoluerunt
1735 823 1821 878 non

465 933 596 1044 digne
618 936 779 1046 Xpisto
800 967 807 1020 :
832 939 907 1022 sed
925 939 1112 1051 quisque
1135 938 1377 1051 ingreditur
1404 935 1643 1028 secundum
1666 934 1822 1018 uolun-

356 1109 363 1122 =
465 1086 602 1177 tatem
628 1072 634 1188 Ι
662 1077 694 1158 (⁰
721 1075 846 1190 105V}
877 1078 1019 1161 cordis
1055 1079 1122 1160 sui
1159 1077 1350 1189 maligni,
1374 1090 1415 1159 et
1451 1075 1591 1158 zelum
1621 1074 1820 1183 iniquum

463 1226 504 1295 et
528 1213 710 1323 impium
733 1229 963 1326 receptum,
1002 1229 1175 1326 propter
1202 1242 1330 1326 quem
1356 1228 1398 1297 et
1420 1240 1536 1297 mors
1558 1211 1755 1295 introiuit
1777 1213 1820 1293 in

413 1379 426 1433 s
461 1351 608 1436 orbem
631 1345 850 1440 terrarum.

522 1491 596 1574 IV.
624 1492 845 1604 Scriptum
867 1505 932 1577 est
953 1493 1069 1576 eninr
1106 1492 1182 1575 sic:
1219 1493 1289 1572 Et
1308 1489 1492 1598 contigit
1501 1491 1607 1596 posi
1626 1486 1729 1587 dier,
1753 1492 1821 1568 ot-

434 1631 570 1712 oum
602 1632 713 1714 Coirr
745 1631 1034 1740 defrrrctidrrs
1068 1636 1197 1713 terroe
1247 1626 1583 1710 immolationem
1613 1624 1822 1719 Domino·

461 1771 505 1849 ei
525 1769 649 1850 Abel
664 1770 825 1852 otlolil
844 1770 895 1852 o'o
905 1769 1161 1880 primiiim's
1179 1769 1327 1850 om'om
1348 1791 1532 1848 snorum
1553 1769 1596 1846 ei
1620 1763 1671 1846 de
1691 1763 1820 1872 adr'pe

461 1909 702 1989 eormrrEt
718 1909 912 2019 respexit
931 1910 1054 1990 Deris
1069 1908 1133 1989 oo'
1142 1907 1193 1989 A
1199 1906 1267 1988 bel
1277 1911 1319 1988 ei
1333 1905 1377 1987 irr
1396 1929 1577 1986 munero
1598 1902 1702 2002 einr,
1715 1927 1818 1982 riom

412 2074 442 2110 10
460 2043 525 2124 od
532 2045 570 2126 C
568 2045 644 2127 oiri
661 2051 704 2128 et
719 2047 783 2128 od
792 2047 998 2134 m'ctimos
1011 2046 1103 2128 eires
1120 2072 1203 2127 noro
1220 2044 1474 2154 respexitE
1475 2048 1495 2124 i
1510 2041 1657 2124 tristis
1659 2039 1819 2148 focius

459 2188 525 2264 esi
542 2185 581 2266 C
578 2185 655 2266 oirr
674 2185 812 2286 ualde,
850 2191 894 2268 ei
908 2186 1089 2294 corfino
1101 2183 1318 2294 esifoeies
1334 2182 1465 2265 illim.
1475 2181 1554 2262 Et
1569 2179 1818 2262 dixiiDerrs

459 2321 524 2402 od
541 2322 579 2404 C
578 2322 674 2405 or'o:
694 2323 844 2428 eraro
864 2325 1010 2406 tristis
1017 2323 1178 2432 foetos
1192 2350 1247 2424 er,
1265 2327 1308 2405 ei
1323 2343 1459 2431 priore
1477 2319 1646 2404 corruit
1666 2318 1817 2400 unitos

458 2462 597 2544 turis?
617 2464 797 2571 Nempe,
820 2466 992 2548 sirecte
1011 2463 1179 2571 offeror,
1211 2467 1255 2545 et
1283 2489 1366 2544 rrorr
1388 2466 1499 2544 recto
1518 2458 1706 2558 timidos
1715 2461 1815 2568 poc-

459 2601 580 2684 cosii.
600 2602 799 2708 Quiesce:
819 2604 883 2685 oo'
898 2609 940 2685 le
959 2603 1045 2685 erit
1060 2602 1278 2684 commercio
1290 2601 1445 2703 riurei
1461 2605 1510 2680 tr
1526 2595 1815 2680 dominaberis

409 2761 437 2815 ¹5
456 2737 559 2823 einr.
598 2741 646 2821 E
648 2746 669 2822 l
701 2741 822 2823 dieii
845 2742 955 2825 Coin
978 2743 1043 2824 oo'
1057 2742 1107 2823 A
1113 2742 1181 2824 del
1183 2741 1385 2850 fratrem
1408 2765 1556 2821 srrrrrrr:
1571 2738 1747 2819 Eomrrs
1767 2733 1813 2816 irr

456 2883 668 2987 campum.
687 2879 735 2960 E
737 2884 756 2961 i
771 2881 965 2990 contigit,
989 2907 1086 2962 erm
1107 2885 1248 2962 essert
1263 2881 1308 2962 iri
1329 2881 1542 2987 comperire,
1560 2873 1813 2958 exsurrexit

462 3017 575 3098 Coirr
597 3018 643 3099 in
654 3018 857 3126 fratrom
876 3046 1005 3102 surm
1035 3019 1167 3119 Abel,
1190 3024 1233 3101 et
1252 3018 1407 3102 occidit
1425 3043 1532 3099 erm.
1565 3014 1810 3124 intelligite,

458 3153 622 3254 iratreS,
647 3158 753 3266 quia
774 3156 891 3239 zelus
913 3171 953 3240 et
968 3157 1135 3240 inuidia
1152 3158 1262 3257 iecit,
1282 3169 1329 3238 ut
1346 3156 1474 3237 irater
1496 3155 1666 3235 fratrem
1684 3178 1812 3234 suum

456 3291 677 3378 occideret.
705 3281 885 3404 Propter
902 3295 1040 3378 zelum
1074 3308 1193 3406 pater
1214 3308 1360 3377 noster
1383 3292 1512 3375 Iacob
1529 3291 1640 3402 fugit
1660 3318 1686 3371 a
1707 3289 1811 3371 facie

404 3456 436 3492 20
456 3429 599 3512 fratris
623 3433 689 3513 sui
716 3433 846 3516 Esau.
872 3403 1002 3515 'Zelus
1040 3433 1138 3516 iecit
1173 3432 1330 3542 Ioseph
1363 3457 1501 3540 usque
1534 3428 1589 3510 ad
1627 3439 1809 3508 mortem

500 3655 523 3694 1.
565 3637 636 3696 Non
670 3636 743 3696 nihil
777 3657 794 3698 a
829 3659 935 3716 graeco
972 3639 1021 3698 hic
1054 3638 1111 3698 loci
1160 3638 1216 3699 lice
1228 3647 1320 3714 ayant
1331 3634 1442 3714 νομοῖο).
1457 3637 1561 3698 Codex
1582 3633 1807 3711 “preceptunr''.

457 3716 586 3777 discedit
601 3717 753 3796 interpres
778 3740 868 3796 quem
892 3721 1004 3782 idcirco
1020 3721 1112 3781 credi·
1198 3717 1237 3800 et]
1251 3734 1320 3779 anre
1338 3724 1354 3750 “
1371 3738 1449 3778 mors
1464 3719 1478 3745 ''
1494 3737 1553 3776 orn.
1570 3716 1629 3792 Syr.

456 3797 550 3857 derinr
561 3801 708 3874 quaedam
719 3800 803 3860 aliter
813 3802 917 3879 legisse
927 3823 960 3862 ac
975 3802 1107 3879 legimus.
1199 3805 1223 3860 6.
1241 3799 1292 3882 sic]
1307 3821 1367 3860 oni.
1384 3801 1487 3862 Consi.

497 3882 621 3956 negabat
644 3901 667 3940 o.
695 3901 731 3940 m.
757 3880 829 3962 eius]
855 3886 905 3943 Gr.
928 3889 995 3956 μηδὲ
1012 3887 1038 3942 ἐν
1055 3895 1109 3950 τοῖς
1197 3886 1244 3942 Er
1255 3884 1373 3958 contigit
1382 3878 1453 3961 etc]
1468 3883 1544 3941 Gen.
1557 3900 1585 3952 4,
1603 3881 1659 3954 3-8.

457 3962 579 4032 νομίμοις
592 3972 645 4020 τῶν
655 3969 869 4039 προσταγμάτων
880 3967 970 4023 αὐτοῦ,
1200 3982 1222 4038 7.
1241 3961 1382 4044 Dorm'rro]
1399 3965 1446 4022 Ila
1457 3964 1560 4024 Consi.
1571 3974 1600 4019 et
1612 3961 1694 4018 LXX
1701 3981 1709 4032 3
1721 3959 1803 4018 Alex.

496 4040 659 4123 arrrbolere]
685 4045 733 4103 Gr.
763 4045 831 4103 add.
861 4049 991 4120 “neque
1019 4045 1108 4104 viram
1156 4057 1184 4105 et
1200 4048 1316 4123 Syrqaep
1329 4055 1399 4121 Θεῷ.

456 4123 564 4198 degere
580 4126 604 4196 ’',
630 4144 707 4200 quae
731 4124 780 4184 hic
795 4136 914 4201 propter
936 4126 1108 4186 homoeote-
1197 4124 1345 4205 8.ottulit]
1364 4133 1421 4186 “et
1437 4125 1500 4202 ipse
1515 4127 1530 4154 '²
1545 4125 1613 4184 add.
1630 4125 1680 4183 Gr.

455 4205 557 4262 leuton
586 4207 696 4265 omissa
719 4226 784 4266 esse
813 4219 885 4282 puto
909 4211 1106 4283 (πορεύεσθαι...
1194 4205 1329 4287 suorum]
1358 4208 1426 4266 add.
1454 4226 1522 4264 curn
1553 4217 1653 4264 nostro
1682 4206 1743 4281 Syr.
1774 4216 1803 4264 et

454 4288 657 4355 πολιτεύεσθαι).
1155 4291 1253 4362 LXX3
1268 4309 1326 4348 om.
1344 4290 1427 4348 Alex,
1441 4300 1471 4347 et
1485 4289 1589 4349 Const.

495 4365 661 4448 uoluerunt]
704 4370 742 4430 de
775 4388 830 4428 suo
857 4369 1000 4445 interpres
1025 4368 1106 4428 addi·
1186 4367 1365 4450 prtirn'tim's]
1381 4372 1431 4430 Gr.
1444 4372 1636 4446 πρωτοτόκων.
1652 4367 1698 4428 Cf.
1707 4365 1800 4426 Hebr.

452 4446 531 4506 disse
546 4449 670 4510 videtur.
717 4467 719 4478 ¹
1156 4473 1199 4522 12,
1213 4473 1249 4527 23
1272 4456 1289 4482 “
1304 4451 1431 4510 ecclesia
1448 4449 1663 4528 primitivorum
1676 4451 1699 4508 ’'.

495 4549 520 4586 2.
534 4529 726 4612 uoluntatem]
757 4532 806 4590 Gr.
836 4538 883 4597 τὰς
901 4534 1048 4605 ἐπιθυμίας.
1192 4554 1218 4612 9.
1235 4535 1407 4592 nam=sed.

494 4630 519 4686 3.
536 4609 641 4692 cordis]
658 4631 716 4672 orn.
730 4615 890 4672 Alexandr.
1193 4635 1236 4674 11.
1244 4615 1337 4691 facr'es
1351 4611 1444 4694 illius]
1471 4615 1517 4671 Ita
1542 4614 1644 4673 Const.
1673 4623 1702 4672 et
1724 4613 1784 4688 Syr.
1794 4633 1803 4685 ,-

492 4689 539 4770 et].
556 4704 627 4768 ante
643 4697 769 4753 “zelum
785 4695 869 4754 ''om.
888 4696 937 4754 Gr.
1148 4699 1231 4756 Alex.
1248 4716 1316 4754 curn
1333 4697 1416 4754 LXX
1433 4702 1450 4728 ⁸⁶
1467 4692 1600 4753 concidit
1615 4694 1696 4753 vultu
1709 4713 1764 4752 suo
1776 4694 1801 4753 ''.

493 4793 520 4844 4.
537 4773 686 4855 receptior]
702 4774 803 4853 scripsi
818 4775 987 4835 coniectura
1010 4778 1101 4836 ducta
1191 4780 1236 4836 16.
1250 4785 1341 4837 essent
1362 4779 1392 4836 in
1415 4772 1558 4855 caropum]
1584 4776 1619 4833 cf.
1647 4775 1798 4847 Roensch,

378 4882 382 4888 ·
452 4873 488 4913 ex
509 4874 615 4932 graeco
625 4858 1018 4942 ἀνειλημόταςεῐεειιοοεηάο
1029 4857 1100 4935 (gai
1145 4879 1172 4936 p.
1186 4880 1246 4934 410
1260 4878 1302 4936 sq.
