4146 5578
435 483 515 566 Lxu]
865 483 1020 546 VERSIO
1044 486 1361 561 ANTIQVISSIMA.
1737 488 1790 576 57

482 696 614 792 LXI.
638 698 720 809 Tu,
747 698 947 808 Domine,
971 701 1129 790 dedisti
1161 703 1418 816 potestatem
1440 705 1560 818 regni
1584 733 1658 816 per
1674 711 1793 819 mag-

437 849 613 932 nificum
628 858 669 930 et
687 844 971 929 inenarrabile
994 845 1224 956 imperium
1239 841 1374 946 tuum,
1394 857 1442 928 ut
1455 845 1630 957 cognito
1647 845 1793 930 datam

438 979 602 1069 nobisa
619 997 660 1067 te
673 984 858 1096 gloriam
873 995 916 1066 et
932 982 1139 1067 honorem
1157 983 1319 1066 subditi
1338 984 1437 1084 sint,
1462 983 1569 1067 nihil
1591 985 1794 1070 resisten-

436 1138 500 1209 tes
522 1122 738 1207 uoluntati
756 1133 860 1205 tuae:
885 1120 1045 1231 quibus
1067 1121 1145 1204 das
1168 1121 1293 1205 nobis
1316 1124 1564 1206 salutemet
1585 1151 1732 1234 pacem
1753 1137 1795 1208 et

403 1302 415 1356 5
435 1260 1148 1371 concordiam5tranquillitatem,ut
1161 1253 1295 1372 agant
1305 1261 1422 1372 quod
1436 1291 1462 1345 a
1476 1274 1516 1345 te
1534 1261 1621 1346 illis
1644 1263 1794 1348 datum

435 1415 500 1486 est
518 1419 703 1514 regnum
718 1400 811 1483 sine
827 1399 1153 1484 offensioneTu
1169 1399 1297 1501 enirn,
1314 1401 1561 1485 dominator
1573 1381 1807 1507 caelorum(
1889 1471 1890 1475 a

436 1569 509 1624 rex
525 1540 780 1640 seculorum,
800 1538 877 1621 das
911 1537 1014 1620 filiis
1048 1535 1276 1621 hominum.
1308 1539 1493 1650 gloriam
1521 1552 1562 1624 et
1584 1539 1794 1625 honorem

436 1692 477 1764 et
499 1689 759 1790 potestatem
780 1702 929 1760 eorum
951 1702 1051 1786 quae
1080 1686 1182 1757 sunt
1203 1688 1525 1786 superterram:
1549 1690 1608 1779 tu,
1638 1679 1795 1762 Domi-

438 1845 501 1920 ne,
525 1817 664 1929 dirige
700 1815 935 1909 consilium
958 1841 1108 1897 eorum
1131 1815 1250 1897 iuxta
1270 1827 1311 1899 te
1332 1815 1496 1899 bonum
1517 1829 1559 1900 et
1587 1817 1792 1928 placitum

389 1983 580 2040 1ocoram
603 1967 655 2056 te,
676 1967 723 2040 ut
745 1963 923 2067 agentes
945 1980 1043 2036 cum
1065 1980 1166 2062 pace
1187 1965 1229 2036 et
1251 1953 1585 2038 mansuetudine
1612 1956 1680 2067 pie
1697 1983 1797 2068 pos-

437 2095 605 2178 sideant
626 2121 725 2204 quae
760 2121 785 2175 a
805 2105 846 2176 te
878 2091 965 2173 illis
1001 2091 1101 2174 data
1137 2103 1202 2174 est
1237 2105 1441 2202 potestas
1465 2094 1656 2204 propicio
1695 2095 1794 2196 illis,

436 2234 510 2345 qui
548 2215 667 2339 Solus
700 2231 974 2342 poteslacere
1006 2242 1048 2313 et
1081 2229 1172 2314 haec
1192 2243 1233 2314 et
1264 2231 1388 2342 plura
1408 2230 1523 2314 bona
1548 2229 1792 2316 nobiscum:

437 2371 515 2454 tibi
545 2370 801 2454 confitemur
842 2397 916 2479 per
943 2370 1191 2480 pontificem
1216 2382 1258 2454 et
1278 2370 1518 2453 antistitem
1551 2371 1795 2454 animarum

439 2523 683 2594 nostrarum
710 2510 887 2593 lhesum
917 2509 1139 2618 Xpistum,
1159 2535 1233 2618 per
1266 2535 1395 2619 quem
1431 2521 1497 2592 est
1530 2509 1609 2592 tibi
1645 2510 1793 2622 gloria,

391 2685 418 2738 rs
439 2649 759 2762 magnificentia
779 2661 820 2731 et
835 2674 950 2731 nunc
972 2647 1015 2729 in
1041 2647 1185 2730 secula
1203 2648 1462 2739 seculorum.
1480 2648 1633 2732 Amen.

497 2788 643 2871 LXII.
690 2788 757 2869 De
792 2785 861 2868 his
906 2813 1009 2898 ergo
1050 2812 1149 2895 quae
1197 2785 1412 2896 pertinent
1451 2786 1505 2870 ad
1542 2787 1795 2900 religionem
1894 2811 1905 2819 ”

439 2939 644 3026 nostram,
668 2937 710 3008 et
742 2951 841 3035 quae
878 2922 1001 3006 utilia
1036 2936 1139 3006 sunt
1176 2923 1244 3008 his
1282 2927 1357 3035 qui
1380 2938 1630 3036 perpetuam
1662 2927 1798 3010 uitam

482 3110 505 3148 1.
523 3085 617 3168 regni]
635 3091 652 3119 “
667 3078 735 3166 eisl'
751 3088 819 3147 add.
837 3089 887 3148 Gr.
1143 3097 1214 3148 ante
1228 3087 1277 3148 lin.
1297 3105 1312 3166 5
1339 3087 1430 3150 verbo
1445 3087 1538 3148 latino
1566 3093 1583 3121 “
1598 3107 1684 3168 agere
1698 3091 1713 3119 '’
1736 3091 1800 3152 red-

481 3192 505 3229 2.
523 3167 567 3249 ut]
582 3168 685 3245 scripsi
691 3190 700 3242 3
713 3169 810 3229 codex
826 3187 980 3246 perperam
994 3173 1011 3202 ‘⁴
1023 3181 1052 3230 et
1067 3171 1089 3229 ''.
1144 3169 1220 3230 didit
1230 3170 1480 3248 interpreszquare
1491 3171 1530 3230 de
1541 3173 1652 3232 mendo
1662 3171 1798 3233 tollendo

438 3255 579 3314 Ceterum
607 3253 695 3327 longe
727 3249 811 3310 aliter
836 3251 969 3312 Graecus
995 3271 1093 3328 prose·
1145 3251 1254 3311 dubius
1270 3251 1322 3312 diu
1338 3269 1403 3313 esse
1419 3267 1479 3312 non
1493 3251 1585 3329 potui.

438 3333 550 3410 quitur:
577 3336 594 3364 “
610 3343 642 3392 ut
664 3343 881 3408 cognoscentes
907 3352 962 3392 nos
990 3333 1091 3392 datam
1191 3335 1361 3410 possideant
1392 3353 1456 3410 quo
1486 3353 1505 3391 a
1542 3342 1568 3392 te
1605 3331 1676 3416 etc]
1713 3336 1795 3395 Male

438 3425 499 3475 ate
524 3413 580 3473 illis
599 3413 723 3490 gloriam
745 3425 774 3473 et
794 3415 939 3474 honorem
965 3413 1091 3475 subiecti
1143 3411 1192 3472 hic
1217 3413 1440 3492 coniunguntur
1463 3415 1552 3474 verba
1576 3421 1653 3488 τὴν...
1678 3417 1797 3484 ἐξουσίαν

438 3497 530 3556 simus
546 3494 588 3555 eis
604 3497 629 3568 ’'‚
645 3507 700 3555 etc.
1143 3513 1213 3554 cum
1235 3500 1410 3573 τυγχάνωσιν,
1443 3496 1691 3574 quandoquidem
1729 3515 1798 3574 pen-

479 3598 505 3650 4.
521 3577 685 3653 qot'bosdas
699 3573 790 3656 nobis]
808 3576 986 3636 Manifestus
1011 3597 1091 3638 error
1143 3578 1216 3636 dent
1241 3597 1276 3638 ex
1296 3579 1443 3652 διέποντες;
1469 3581 1547 3639 male
1568 3580 1633 3638 ἵλεώ
1646 3603 1693 3636 σου
1708 3577 1797 3638 veluti

438 3679 473 3719 ex
487 3661 604 3720 Graeco
619 3657 658 3718 ita
669 3657 875 3736 corrigendus:
889 3661 906 3690 “
918 3656 1027 3734 quibus
1042 3659 1089 3733 da,
1142 3657 1296 3735 genetivus
1318 3657 1472 3718 absolutus
1492 3657 1646 3735 accipitur,
1662 3677 1732 3720 cum
1759 3661 1796 3719 sit

440 3739 572 3800 Domine
584 3741 608 3800 ''.
1143 3741 1209 3800 voci
1224 3742 1389 3816 τυγχάνωσιν
1406 3740 1583 3818 iungendus
1636 3789 1637 3792 ,
1825 3761 1829 3768 ·

479 3825 505 3880 6.
521 3821 687 3880 dominator
706 3817 848 3900 colorum]
868 3820 998 3880 Verbum
1014 3823 1090 3880 ἐπον-
1187 3842 1230 3880 ιι.
1249 3816 1390 3900 propitio]
1407 3821 1534 3882 subaudi
1551 3825 1569 3854 “
1584 3831 1613 3882 te
1628 3823 1650 3881 ”.

435 3899 674 3978 ‘puvieLightfoot
696 3920 818 3978 quoque
841 3901 995 3978 coniungit
1019 3922 1090 3962 cum
1184 3898 1255 3982 illis]
1271 3921 1329 3962 om.
1354 3904 1404 3962 Gr.
1429 3959 1432 3968 A

438 3984 560 4052 δέσποτα,
576 3985 599 4042 F
602 3984 663 4042 unk
677 4002 747 4042 vero
765 4001 833 4042 cum
850 3990 966 4060 βασιλεῦ.
1186 4004 1230 4043 12.
1248 3981 1400 4064 nobiscum]
1414 3985 1520 4048 Codex
1544 3989 1561 4016 “
1577 3983 1662 4045 nobis
1685 4003 1754 4044 cum
1770 3987 1792 4046 ''.

477 4064 504 4121 8.
527 4062 602 4145 quo]
629 4084 664 4124 ex
695 4068 712 4098 ‘¹
736 4064 788 4140 qui
813 4064 971 4141 ”antiqua
998 4084 1089 4126 manu
1186 4084 1230 4138 14.
1239 4061 1347 4144 glorio]
1360 4069 1417 4125 “et
1431 4068 1446 4094 ’³
1461 4067 1529 4126 add.
1544 4069 1594 4127 Gr.

437 4145 638 4206 emendatum.
1186 4164 1229 4224 15·
1247 4143 1333 4226 nunc]
1356 4146 1462 4207 “etin
1492 4146 1713 4225 generationem
1740 4146 1791 4227 (al.

477 4232 517 4297 to,
540 4224 679 4308 Dornt'rte]
705 4227 811 4288 Codex
845 4230 863 4260 “
897 4237 929 4286 tu
953 4227 1059 4288 ordine
1075 4231 1089 4256 ''
1140 4226 1359 4305 generationes)
1384 4227 1610 4304 generationum
1637 4240 1665 4290 et
1688 4232 1702 4257 ’'
1724 4231 1792 4290 add.

437 4309 546 4366 eodem
555 4329 653 4370 errore
664 4329 699 4369 ac
711 4329 798 4384 supra
811 4328 836 4385 p.
842 4325 857 4384 5
863 4324 889 4384 5,
902 4309 919 4367 l.
937 4325 970 4385 15
978 4331 986 4383 3
998 4329 1089 4386 quem
1141 4311 1191 4370 Gr.
1205 4321 1234 4368 et
1245 4310 1305 4385 Syr.

437 4387 485 4445 hic
508 4391 621 4463 saltem,
639 4391 709 4467 quia
729 4389 843 4449 facilius
869 4401 939 4462 erat,
964 4391 1088 4450 omnino
1186 4389 1795 4472 1aponum]Gr.“probam”(stupeno),

436 4469 640 4545 castigandum
663 4491 728 4532 esse
749 4471 860 4532 censui.
883 4473 933 4532 Gr.
950 4475 990 4540 ol,
1005 4475 1085 4548 κύριε.
1140 4491 1269 4550 proquo
1289 4471 1380 4532 ἇένανν
1401 4475 1524 4535 fortasse
1548 4473 1665 4550 legebat
1680 4484 1795 4533 noster:

478 4570 503 4625 9.
520 4550 558 4632 te]
583 4564 649 4630 post
667 4558 684 4586 “
709 4553 790 4612 iuxta
804 4555 819 4612 ',’
841 4551 896 4611 etsi
919 4552 1089 4613 ,redundare
1141 4564 1244 4630 utpote
1270 4554 1321 4630 qui
1344 4553 1426 4615 idem
1454 4555 1634 4614 vocabulum
1654 4573 1794 4632 graecum

437 4631 561 4707 videtur,
578 4646 679 4694 tamen
694 4653 862 4712 expungere
872 4634 964 4693 nolui.
1125 4635 1228 4710 'supra
1252 4655 1279 4713 p.
1297 4652 1345 4714 55,
1362 4637 1378 4695 l.
1408 4657 1443 4708 14
1464 4636 1555 4697 latine
1581 4635 1718 4698 verterit“
1735 4655 1796 4712 per-

480 4732 524 4774 10.
542 4713 706 4796 otagentes]
719 4716 825 4776 Codex
845 4719 863 4747 “
875 4726 906 4772 ut
918 4726 947 4774 et
958 4717 1085 4792 gentes''.
1140 4727 1260 4792 petuam
1276 4717 1299 4774 '’.
1324 4717 1436 4777 Confer
1461 4728 1561 4777 tamen
1579 4718 1680 4778 adnot.
1704 4715 1795 4776 critic.

318 4802 320 4805 ’
436 4797 487 4855 Gr.
504 4799 578 4862 ὅπως
591 4799 731 4862 διέποντες.
748 4797 834 4855 Idem
851 4799 972 4860 verbum
999 4798 1087 4872 paulo
1139 4799 1216 4874 adp.
1234 4800 1313 4871 41,l.
1335 4817 1378 4874 15.

495 4925 606 4966 Anecdota
616 4925 774 4966 Maredsolana.
784 4947 810 4956 -
818 4925 844 4966 T.
856 4925 888 4966 11.
1717 4931 1728 4968 8
