4146 5578
438 460 483 545 n]
872 455 1029 518 vuasto
1051 449 1369 527 nnrrovrssmn.
1739 449 1792 543 471

440 683 716 768 inueniamur
731 683 825 766 sine
841 681 1032 764 humana
1046 679 1269 785 uoluptate
1287 672 1472 757 innocui.
1483 664 1795 763 Generationes

440 848 591 906 omnes
621 819 676 902 ab
697 818 839 902 Adam
872 843 1011 926 usque
1047 815 1090 897 in
1123 812 1201 895 hac
1236 811 1306 896 die
1337 812 1628 917 transierunt;
1655 801 1794 900 alii'in

442 961 622 1044 karitate
664 954 953 1042 consummati
995 951 1234 1037 secundum
1288 953 1369 1034 Dei
1410 954 1595 1064 gratiam
1637 954 1796 1040 habent

442 1096 725 1207 municipium
749 1093 1063 1206 religiosorum,
1096 1090 1171 1202 qui
1204 1091 1345 1201 palam
1372 1092 1470 1174 sacti
1503 1095 1671 1176 suntin
1708 1096 1795 1207 epi-

391 1266 406 1320 s
441 1246 617 1345 scopatu
640 1233 761 1344 regni
780 1230 938 1340 Xpisti.
961 1229 1181 1338 Scriptum
1195 1243 1261 1312 est
1273 1230 1390 1313 enim
1407 1259 1413 1313 :
1433 1233 1611 1314 Intrate
1615 1238 1796 1344 promp-

440 1372 594 1456 tannia
604 1369 835 1480 pusillum,
857 1395 1074 1476 quousque
1094 1373 1297 1452 transeat
1330 1370 1400 1452 ion
1435 1376 1479 1452 ot
1488 1371 1632 1478 furor
1649 1399 1769 1456 orrens
1783 1407 1799 1470 ,-

440 1515 483 1595 ot
503 1508 772 1592 rnomorobor
796 1504 886 1588 dio·
903 1504 1010 1607 boui,
1033 1509 1077 1587 ot
1094 1507 1311 1590 suscitabo
1342 1534 1418 1590 nos
1437 1509 1489 1590 de
1509 1498 1799 1594 monumentis

443 1650 614 1735 nostris.
662 1645 668 1758 Ι
696 1647 720 1730 l.
754 1657 849 1751 114v
875 1641 895 1757 1
910 1644 1031 1728 Beati
1055 1673 1220 1746 sumus,
1240 1644 1512 1747 okarissimi,
1533 1647 1568 1729 si
1587 1659 1799 1760 praecepta

444 1791 651 1876 faciamus
676 1786 757 1870 Dei
781 1785 824 1867 in
846 1783 1297 1884 concordiakaritatiS‚
1318 1798 1364 1867 ut
1382 1786 1656 1870 remittantur
1674 1769 1799 1873 nobis

395 1961 428 2002 ιο.
445 1959 518 2044 per
539 1928 766 2012 karitatem
788 1935 969 2036 peccata.
991 1924 1212 2035 Scriptum
1235 1936 1300 2007 est
1321 1924 1455 2007 enim:
1471 1927 1801 2035 Bootiqnooono

445 2071 634 2155 remisso
649 2071 754 2150 snut
774 2064 1045 2172 imunitates,
1068 2069 1112 2146 ot
1144 2090 1328 2172 quornm
1349 2068 1462 2146 tecto
1487 2054 1798 2176 santonorum.

445 2214 616 2295 Beatus
636 2207 711 2291 nir
735 2204 909 2290 coinon
943 2201 1190 2313 imputauit
1223 2203 1442 2286 Dominus
1460 2209 1704 2314 peccatum,
1728 2234 1804 2291 noc

444 2357 510 2434 ost
526 2350 571 2432 in
592 2375 663 2432 ooo
678 2346 771 2429 eins
787 2343 943 2428 dolum.
972 2343 1081 2425 Haec
1102 2341 1326 2425 beatitudo
1348 2343 1457 2425 sacta
1491 2355 1557 2426 est
1579 2343 1621 2425 in
1644 2343 1802 2428 electos

448 2489 530 2574 Dei
553 2515 627 2598 per
645 2482 886 2568 Dominum
905 2489 1103 2563 nostrum
1123 2479 1301 2563 Ihesum
1326 2481 1532 2590 Xpistum
1555 2483 1645 2565 :cui
1665 2482 1804 2566 honor

398 2651 426 2706 15
447 2628 490 2711 in
514 2625 657 2710 secula
678 2622 932 2707 seculorum.

506 2767 578 2850 LI.
614 2765 912 2873 Quaecumque
933 2786 1036 2870 ergo
1057 2755 1297 2840 excidimus
1319 2769 1360 2839 et
1382 2758 1609 2842 deficimus
1630 2771 1804 2871 propter
1929 2749 1931 2838 J

447 2905 660 3019 quasdam
676 2901 944 2985 incursiones
958 2895 1172 2994 contrarii,
1190 2895 1461 3004 postulemus
1475 2896 1635 2982 remitti
1659 2900 1803 3001 nobis;
1928 2921 1929 2926 ‘

449 3047 509 3130 illi
531 3057 676 3128 autem
698 3039 772 3152 qui
796 3020 1010 3150 principes
1032 3032 1321 3118 contentionis
1342 3047 1384 3115 et
1405 3037 1688 3119 contumaciae
1705 3038 1803 3121 lacti
1926 3005 1928 3099 Ῐ

448 3193 563 3286 sunt,
587 3181 745 3266 debent
766 3202 1041 3261 communem
1064 3195 1185 3283 spem
1201 3183 1433 3282 expectare.
1459 3173 1546 3280 Qui
1567 3174 1683 3257 enim
1705 3204 1803 3259 cum
1925 3184 1926 3187 ‘

398 3354 430 3390 20
449 3325 603 3408 timore
624 3333 665 3403 et
687 3317 868 3402 karitate
889 3313 1133 3398 conuersati
1156 3326 1270 3411 sunt,
1290 3340 1335 3396 se
1350 3311 1503 3397 uolunt
1518 3315 1666 3427 magis
1680 3344 1806 3428 ques-

495 3509 516 3547 ι.
534 3483 657 3546 ιἰιηινιιιί.Ι
683 3476 899 3558 Generalr'oncs]
925 3477 1020 3538 Aliter
1033 3477 1101 3536 cod.
1200 3478 1241 3533 16.
1259 3477 1292 3533 de
1314 3472 1416 3555 cimus]
1432 3475 1538 3536 Codex
1549 3475 1672 3554 quidem
1686 3481 1704 3509 “
1715 3477 1807 3538 relici-

449 3569 469 3603 “
485 3571 640 3630 Innocuae
664 3565 725 3625 sere
747 3581 818 3639 sepe
831 3561 968 3620 nationes
980 3561 995 3586 ''
1007 3581 1013 3618 :
1025 3578 1103 3634 quae
1155 3576 1221 3616 mus
1233 3559 1265 3615 '':
1280 3558 1333 3616 sed
1353 3568 1458 3615 notum
1477 3570 1521 3618 est
1537 3557 1565 3616 in
1579 3557 1710 3635 antiquis
1725 3559 1806 3620 libris

448 3659 632 3712 tentamenta
643 3665 708 3706 esse
721 3664 785 3705 reor
799 3641 906 3702 librarii
920 3660 1010 3701 sonos
1025 3661 1059 3717 ge
1073 3651 1102 3699 et
1155 3658 1174 3694 r
1190 3639 1279 3714 prod
1298 3649 1326 3697 et
1346 3639 1525 3698 econtrario
1545 3641 1568 3697 d
1588 3659 1641 3716 pro
1663 3661 1681 3698 r
1698 3640 1806 3717 passim

440 3754 482 3805 oe,
496 3733 621 3792 sormam
641 3746 762 3804 quoque
782 3725 943 3784 litterarum
957 3743 976 3780 n
991 3735 1020 3782 et
1043 3743 1067 3794 r,
1078 3733 1103 3802 p
1155 3718 1287 3779 inveniri.
1305 3721 1351 3780 Ct.
1368 3740 1395 3796 p.
1413 3739 1429 3792 4
1434 3738 1460 3797 5.
1478 3723 1494 3780 l.
1513 3742 1530 3796 9
1548 3726 1565 3753 “
1581 3723 1711 3782 deducat
1723 3723 1739 3752 ’'
1753 3741 1807 3799 pro

447 3828 477 3875 et
493 3833 546 3887 ηε
565 3823 593 3872 et
605 3811 634 3886 ſs
649 3812 727 3869 ¹inter
738 3827 770 3867 se
785 3803 997 3882 permiscentis.
1156 3805 1172 3831 “
1188 3802 1310 3860 reducat
1326 3803 1348 3872 ’',
1368 3815 1397 3860 et
1414 3801 1488 3860 infra
1503 3806 1518 3877 ἕ
1532 3821 1567 3880 57
1602 3807 1619 3834 “
1642 3804 1777 3880 reponite
1793 3806 1807 3833 '²

491 3917 514 3954 2.
552 3889 624 3971 alii]
661 3893 819 3966 Perperam
855 3887 924 3963 legit
959 3885 1101 3964 interpres
1154 3902 1207 3958 pro
1222 3886 1239 3913 “
1253 3881 1396 3958 deponite
1408 3885 1431 3943 '’.

448 3977 525 4035 ἄλλοι
535 3995 589 4054 pro
602 3979 659 4032 ἀλλ’
672 3975 704 4028 οἱ.
1192 3973 1312 4040 propter
1332 3965 1473 4039 quasdam
1495 3965 1672 4026 incursiones
1700 3973 1810 4025 contro-

489 4077 515 4130 4.
524 4057 629 4135 palam
640 4053 722 4128 sacti
736 4047 818 4129 euru]
842 4051 877 4108 ln
901 4050 950 4108 Gr.
969 4049 1099 4108 futurum
1153 4042 1209 4124 rii]
1232 4045 1362 4104 Videbat
1384 4046 1539 4122 quiddam,
1566 4047 1622 4107 nisi
1645 4050 1736 4121 fallor,
1768 4048 1808 4106 in·

448 4139 554 4216 legitur
566 4163 572 4198 :
582 4137 820 4212 φανερωθήσονται.
1154 4138 1265 4202 terpres
1291 4125 1442 4203 (videlicet
1457 4131 1498 4186 out
1515 4152 1585 4194 τινας
1603 4131 1808 4205 παρεμπτώσεις

490 4214 752 4298 5.Xpr'sti]Codd
765 4212 1103 4289 Const.etSyr.“Dei”;
1154 4216 1201 4265 τοῦ
1225 4207 1414 4280 ἀντικειμένου,
1441 4209 1484 4268 υιί
1509 4211 1589 4286 apud
1619 4212 1807 4272 Clementem

448 4301 550 4363 deficit
564 4301 631 4360 cod.
649 4301 733 4358 Alex.
1155 4288 1302 4348 iuniorem
1319 4291 1425 4349 Suom.
1444 4309 1485 4364 ιν,
1505 4292 1562 4370 18),
1576 4293 1659 4369 quod
1682 4289 1712 4351 in
1732 4303 1809 4350 utro-

491 4402 506 4460 5
521 4384 547 4442 8.
562 4385 601 4441 Is.
615 4384 661 4455 26,
673 4400 721 4438 20.·
738 4401 740 4405 ·
1157 4389 1216 4447 que
1235 4389 1342 4447 graeco
1367 4373 1529 4450 exemplari
1552 4375 1673 4452 vulgato
1694 4372 1810 4434 deside·

491 4466 786 4540 1013.Ps.31‚1-2;
842 4491 849 4500 ι’
1155 4464 1242 4512 ratur.
1276 4454 1312 4511 In
1348 4452 1393 4515 his
1423 4455 1535 4532 quippe
1571 4454 1687 4516 brevius
1713 4472 1811 4531 eoque

493 4568 501 4604 r
511 4567 535 4622 3.
557 4541 667 4624 dolum]
680 4544 772 4619 Quod
788 4539 868 4620 prins
884 4551 945 4601 erat
963 4537 1077 4598 restitui
1096 4558 1102 4599 ι
1154 4533 1310 4594 obscurius
1355 4541 1396 4596 tul
1407 4560 1476 4602 τινος
1485 4545 1538 4594 τῶν
1554 4547 1601 4596 τοῦ
1622 4537 1808 4608 ἀντικειμένου.

449 4643 551 4706 postea
571 4647 599 4685 or
625 4637 771 4685 mutatum
793 4635 836 4687 est
859 4622 889 4682 in
909 4641 931 4694 s,
963 4633 995 4680 ut
1020 4621 1103 4680 fieret
1200 4609 1418 4692 recorporare]
1438 4624 1621 4688 :spectare

452 4717 469 4743 “
484 4711 572 4770 dolus
583 4711 606 4768 ''.
1199 4717 1244 4756 20.
1263 4696 1427 4756 toreumati
1439 4689 1522 4773 sunt]
1535 4695 1585 4754 Gr.
1603 4698 1620 4725 “
1636 4712 1812 4754 conversan-

494 4809 537 4868 15.
562 4784 729 4868 seculorum]
745 4790 795 4848 Gr.
812 4786 881 4846 add.
901 4789 917 4816 “
934 4787 1031 4844 Amen
1046 4785 1069 4842 '’.
1157 4793 1203 4838 tur
1215 4781 1238 4838 '’.
