4146 5578
970 543 1221 604 PRAEFATIO.
1736 547 1780 604 IX

464 747 665 838 §371666
693 747 845 843 ἐλάχιστα
886 745 1130 920 ἱεηὶηεηῖίοτει
1196 773 1311 822 mem-
1353 764 1391 920 {t
1431 745 1629 820 minutiora
1665 773 1778 820 mem-

422 850 514 942 μέλη.
912 873 960 921 ra.
1382 871 1430 920 ta.

468 1028 487 1102 ς
518 1044 562 1106 40
594 1019 630 1083 Ὁ
653 1017 758 1096 λαϊκὸς
783 997 847 1085 ἄνθ·
889 1012 999 1088 Plebs
1018 1015 1098 1089 eius
1116 1015 1230 1091 homo
1250 1016 1311 1090 lai·
1355 1013 1527 1088 Plebeius
1554 1015 1668 1090 homo
1696 1014 1717 1090 Ι.
1743 1042 1777 1113 p.

423 1148 522 1216 ρωπος
541 1125 604 1198 τοῖς
620 1119 738 1198 >arnon
755 1147 848 1216 προσ·
888 1117 940 1190 cis
977 1119 1173 1214 praeceptis
1204 1119 1312 1192 datus
1353 1116 1387 1191 d.
1409 1141 1440 1189 e.

424 1229 579 1321 τάγμασιν
595 1224 725 1294 δέδοται.
887 1235 954 1292 est.
1489 1231 1492 1237 ’

470 1400 547 1478 §44
563 1393 737 1483 πρόγνωσιν
766 1387 849 1469 esin-
889 1384 1123 1480 prudentiam
1181 1387 1313 1484 accipi·
1354 1383 1779 1484 prudentiamaccipien-

426 1494 659 1589 φότεςτελείαν.
888 1502 951 1558 ent
969 1485 1003 1558 ei
1023 1503 1250 1586 perpetuam
1355 1503 1411 1560 tes
1431 1504 1659 1583 perpetuam.

471 1665 518 1728 Ib.
542 1663 575 1726 ἐκ
601 1661 848 1750 virotpe'prtcoc
888 1677 936 1744 ex
964 1651 1084 1726 iilo
1055 1679 1136 1726 stne
1164 1653 1315 1751 querela
1354 1677 1400 1725 ex
1429 1651 1547 1726 illo
1518 1679 1598 1728 sine
1629 1654 1779 1751 querela

362 1779 365 1784 ·
425 1761 525 1836 αὐτοῖς
552 1759 760 1850 τετμημένης
791 1757 849 1826 λεε-
891 1733 960 1827 illis
981 1753 1313 1831 sactoministerio
1354 1752 1423 1826 illis
1454 1753 1579 1828 iuncto
1616 1755 1777 1830 ministe-

423 1859 578 1953 τουργίας.
1355 1854 1418 1928 rio.

469 2032 548 2113 §47
572 2024 634 2090 Νῦν
652 2021 697 2089 ἴδε
721 2027 776 2108 (sic
792 2047 850 2110 pro
892 2023 927 2097 N
933 2047 1004 2096 unc
1024 2023 1111 2098 uitae
1134 2023 1312 2121 inspicite
1357 2021 1392 2094 N
1399 2047 1469 2095 unc
1486 2021 1606 2110 uide,
1597 2023 1777 2122 inspicite.

425 2124 500 2190 Νυνὶ
489 2121 555 2206 ὶδε)
571 2123 790 2204 κατανοήσατε.

461 2300 489 2422 Ιἓ
505 2316 550 2462 4Ξ
570 2293 617 2370 τίς
635 2289 758 2358 &ivm
782 2287 850 2372 ifin-
889 2293 952 2391 qui
967 2307 1093 2391 potest
1112 2291 1315 2370 temerare?
1354 2288 1437 2388 quis
1452 2307 1576 2388 potest
1588 2293 1780 2368 enarrare?

428 2422 533 2490 γησασ
554 2422 602 2474 ει;

472 2575 490 2649 5
530 2571 570 2632 50
609 2563 777 2660 εὑρεθώμεν
781 2617 846 2634 .....
890 2561 1168 2636 inueniamur...
1204 2561 1314 2636 Inno-
1354 2558 1631 2635 inueniamur...
1674 2560 1778 2636 inno·

427 2669 564 2761 ἄμωμοι.
589 2671 620 2734 αἱ
636 2670 738 2763 γενεαὶ
754 2675 849 2736 πᾶσαι
889 2691 967 2738 cuae
987 2664 1074 2738 serae
1089 2688 1178 2760 sepe
1198 2663 1314 2736 natio·
1353 2661 1421 2736 cui.
1507 2661 1778 2737 Generationes

426 2771 533 2840 κ.τ.λ.
891 2792 956 2840 nes
972 2790 1102 2840 omnes
1118 2781 1185 2839 ete.
1353 2787 1484 2836 omnes
1505 2781 1574 2839 etc.

471 2943 559 3020 §53
591 2936 775 3030 ἐγκεκύφατε
810 2941 851 3016 εἰς
894 2929 1316 3028 intonuistisineloquia
1359 2930 1583 3004 Introiuistis
1613 2930 1690 3028 (vel
1726 2931 1778 3003 in-

425 3042 464 3105 τὰ
478 3038 570 3133 λόγια
585 3043 638 3105 τοῦ
654 3039 743 3107 Θεοῦ.
893 3035 977 3109 Dei.
1355 3031 1600 3132 ttouidistis?)
1630 3033 1666 3105 in
1704 3033 1780 3107 elo·

1355 3133 1441 3230 quia
1463 3134 1545 3224 Dei.

445 3274 491 3385 'g
517 3309 554 3370 56
580 3308 612 3369 ἐκ
641 3305 743 3400 χειρὸς
768 3303 853 3385 σιὸή-
894 3303 955 3376 De
975 3327 1085 3374 manu
1110 3300 1194 3374 sorti
1223 3300 1315 3373 redi·
1359 3302 1419 3374 De
1439 3327 1550 3374 manu
1575 3300 1658 3374 ferri
1685 3301 1778 3374 redi·

428 3433 481 3502 ρου
496 3406 583 3474 λύσει
600 3434 646 3475 σε.
891 3421 967 3477 met
986 3420 1032 3476 te.
1355 3420 1432 3476 met
1451 3419 1498 3476 te.

473 3579 560 3656 §60
594 3572 642 3654 σύ,
670 3573 773 3667 Κύριε,
795 3576 851 3654 τὴν
891 3571 952 3643 Tu
1000 3569 1169 3642 ordinem
1213 3553 1314 3642 orbis
1356 3570 1427 3654 Tu,
1451 3568 1624 3652 Domine,
1649 3569 1778 3642 orbem

431 3675 609 3768 οἰκουμένην
626 3674 688 3742 ἔκτ
679 3701 758 3752 σας
890 3689 1009 3744 terrae
1028 3669 1170 3743 creasti.
1355 3689 1473 3744 terrae
1492 3670 1633 3744 creasti

473 3847 556 3924 §61
590 3845 635 3917 εἷς
658 3841 721 3917 δός,
747 3841 836 3934 Κύριε
841 3837 1037 3931 ‚Quibus
1082 3836 1149 3909 das
1206 3835 1313 3908 nobis
1356 3837 1503 3931 Quibus
1522 3837 1579 3924 da
1601 3836 1777 3924 Domine,

415 3945 555 4039 ‘riperto
888 3938 1055 4011 salutem.
1354 3937 1521 4012 salutem.

476 4113 558 4175 lbid.
581 4109 629 4191 σύ,
648 4108 757 4204 Κύριε,
778 4109 851 4177 διεύέ
889 4107 950 4178 Tu
965 4104 1096 4178 ordine
1114 4103 1243 4202 dirige.
1354 4107 1424 4192 Tu,
1450 4105 1624 4191 Domine,
1646 4103 1775 4202 dirige.
1867 4095 1870 4104 ’

428 4211 523 4278 θυνον.

474 4379 556 4440 lbid.
587 4375 668 4452 ὅπως
700 4374 850 4454 διέποντες
888 4391 928 4445 ut
972 4390 1009 4444 et
1052 4388 1185 4470 gentes
1229 4397 1313 4443 cum
1354 4390 1393 4446 ut
1406 4391 1562 4471 agentes
1575 4400 1658 4447 cum
1673 4399 1773 4470 pace.

426 4482 457 4544 ἐν
470 4480 587 4572 εἰρήνῃ.
890 4499 990 4570 pace.

417 4697 419 4702 '
503 4669 673 4778 Multa
699 4673 1054 4808 praetermitto
1082 4715 1297 4811 quorum
1329 4677 1570 4784 nonnulla
1614 4723 1779 4788 carere

427 4812 678 4920 intellectu
697 4814 945 4940 videntur,
974 4838 1028 4921 ut
1053 4839 1170 4921 sunt
1187 4813 1215 4954 ξ
1235 4858 1299 4922 20
1322 4830 1348 4864 “
1376 4819 1780 4930 inexscrutabilia
