4146 5578
482 490 519 572 ιι]
916 496 1071 555 vnnsro
1094 495 1411 570 nn‘rrovrssnrn.
1816 505 1842 582 3

482 717 730 826 praepositis
755 717 923 817 uestris,
947 729 988 818 et
1005 714 1212 802 honorem
1234 715 1417 826 dignum
1440 715 1679 798 tribuentes
1702 717 1843 798 senio-

487 853 608 936 ribus
630 855 800 955 uestriS,
824 867 869 937 et
888 853 1120 937 iuuenibus
1143 853 1312 935 modica
1346 865 1388 935 et
1419 865 1567 936 sancta
1597 853 1843 965 intellegere

486 993 794 1102 permittentes
818 1005 859 1074 et
883 991 1139 1074 mulieribus
1162 990 1378 1072 innocenti
1394 1004 1434 1073 et
1447 1004 1565 1074 casta
1581 993 1844 1075 conscientia

483 1133 631 1215 omnia
653 1132 786 1216 facere
822 1130 1048 1230 iubebatis,
1087 1141 1135 1210 ut
1165 1141 1370 1229 amarent,
1408 1129 1518 1211 sicut
1554 1129 1685 1231 decet,
1724 1130 1843 1212 uiros

450 1305 463 1361 s
485 1298 600 1371 suos
621 1283 667 1352 ut
686 1271 728 1351 in
748 1269 896 1381 regula
911 1266 1206 1351 obauditionis
1220 1279 1365 1382 essent
1381 1268 1641 1366 constitutae,
1662 1267 1842 1350 domum

483 1436 607 1491 suam
629 1421 759 1491 castae
777 1435 919 1518 regere
935 1406 1154 1489 docebatis
1170 1431 1268 1487 cum
1290 1404 1529 1515 prudentia.

544 1548 602 1629 ΙΙ.
628 1549 794 1629 Omnes
815 1546 932 1628 enim
969 1572 1048 1626 uos
1077 1541 1386 1643 humiliabatiS,
1423 1543 1530 1624 nihil
1560 1544 1604 1625 in
1643 1546 1844 1653 superbia

485 1686 700 1784 facientes,
724 1684 1007 1766 obaudientes
1031 1683 1170 1794 magis
1201 1709 1331 1792 quam
1355 1680 1565 1778 iubentes,
1599 1695 1641 1764 et
1662 1682 1844 1765 libenter

485 1823 639 1907 dantes
662 1822 801 1934 magis
833 1847 964 1933 quam
1001 1820 1268 1931 accipientes,
1308 1820 1526 1903 alimentis
1566 1821 1713 1932 Xpisti
1745 1849 1844 1904 con-

436 1963 608 2062 retenti,
631 1974 673 2045 et
695 1961 978 2043 adtendentes
999 1960 1036 2042 ei
1061 1959 1192 2042 uerba
1229 1960 1345 2041 illius
1368 1959 1411 2040 in
1434 1971 1602 2068 pectore
1621 1959 1844 2042 habebatis

486 2115 528 2184 et
552 2101 595 2183 in
619 2099 858 2182 uisceribus
874 2098 1042 2197 uestris,
1064 2110 1164 2180 utet
1186 2099 1411 2208 passiones
1433 2099 1550 2180 illius
1571 2111 1670 2182 ante
1696 2101 1845 2183 oculos

487 2252 655 2323 uestros
673 2239 841 2321 suerint.
858 2237 932 2319 Sic
944 2237 1031 2318 alta
1048 2249 1181 2346 paxet
1196 2237 1613 2350 inpinguisdabatur
1626 2241 1843 2339 omnibus

486 2393 528 2464 et
545 2377 804 2462 insatiabilis
825 2402 947 2459 amor
971 2375 1025 2458 ad
1049 2376 1415 2480 benefaciendum,
1435 2393 1476 2464 et
1498 2381 1723 2492 plenitudo
1746 2380 1846 2490 Spi-

488 2521 596 2602 ritus
642 2516 779 2599 sancti
816 2514 975 2625 largior
1009 2526 1097 2596 erat
1124 2515 1179 2633 in
1213 2517 1443 2602 omnibus:
1479 2533 1521 2603 et
1557 2522 1686 2604 eratis
1728 2517 1843 2629 pleni

436 2643 468 2742 ἴς
488 2668 648 2742 sanctae
685 2654 843 2738 mentis
875 2651 991 2763 bono
1012 2654 1246 2763 proposito,
1274 2683 1371 2738 curn
1395 2659 1465 2768 pia
1485 2659 1745 2742 confidentia
1773 2686 1845 2740 ex-

489 2775 728 2909 pandentes
765 2817 920 2874 manus
952 2802 1119 2872 uestras
1141 2794 1194 2875 ad
1221 2795 1362 2877 Deum
1385 2799 1740 2908 omnipotentem,
1779 2824 1846 2879 ro-

487 2947 641 3047 gantes
663 2959 762 3016 eum
798 2942 845 3013 ut
868 2930 1088 3039 propicius
1115 2944 1229 3014 esset
1252 2934 1389 3036 uobiS,
1409 2936 1444 3016 si
1467 2937 1572 3046 quid
1596 2937 1845 3048 ignorantes

491 3073 730 3186 peccaretis,
769 3068 1034 3154 Sollicitudo
1069 3081 1159 3150 erat
1176 3070 1301 3153 uobis
1323 3072 1392 3155 die
1412 3101 1460 3155 ac
1483 3087 1606 3156 nocte
1627 3103 1704 3184 pro
1725 3072 1844 3155 omni

489 3212 765 3308 fraternitate,
809 3220 856 3288 ut
896 3207 1005 3288 salui
1034 3206 1187 3288 essetis
1218 3235 1315 3291 cum
1346 3211 1638 3294 misericordia
1673 3224 1845 3294 etcum

533 3398 555 3436 1.
569 3368 738 3452 sertt'ort'bus]
752 3370 937 3430 Vocabulum
953 3369 1142 3445 πρεσβυτέροις
1192 3371 1351 3450 stantinop.
1366 3388 1394 3434 et
1405 3378 1465 3452 Syr.
1476 3386 1523 3434 τοῦ
1536 3386 1655 3452 Χριστοῦ,
1670 3377 1745 3436 Utra
1757 3373 1846 3434 lectio

490 3459 577 3519 Funk
592 3455 682 3515 latine
698 3452 783 3512 vertit
797 3456 814 3482 “
826 3449 1001 3527 presbyteris
1013 3451 1038 3520 '',
1051 3447 1142 3507 idem-
1193 3458 1403 3527 anteponenda
1419 3458 1464 3530 sit,
1477 3456 1506 3514 in
1523 3457 1624 3515 medio
1639 3459 1782 3532 relinquo

403 3568 405 3572 ¹
489 3560 549 3618 que
577 3535 742 3614 significare
767 3544 851 3610 putat
879 3543 969 3607 atque
989 3532 1139 3604 ἡγούμενοι,
1238 3554 1280 3592 10.
1294 3533 1335 3615 ei]
1350 3537 1626 3614 scripsi.C‹›d.“et”,
1639 3540 1684 3599 Cf,
1696 3538 1846 3612 infsagg14
1909 3545 1912 3550 ·

489 3617 649 3700 praepositi
675 3613 874 3676 ecclesiastici.
901 3612 1054 3702 Lightfoot
1073 3630 1142 3670 vero
1194 3625 1223 3674 et
1239 3619 1285 3688 64.
1304 3619 1396 3678 Deest
1418 3621 1543 3695 quidem
1559 3618 1588 3676 in
1605 3620 1654 3678 Gr.
1680 3620 1758 3678 istud
1782 3637 1846 3694 pro-

489 3722 558 3762 cum
579 3701 738 3776 interprete
763 3709 865 3754 nostro
888 3702 1045 3763 consentit,
1068 3711 1142 3751 voce
1194 3715 1305 3756 nomen
1318 3720 1326 3771 ;
1350 3720 1451 3760 verum
1479 3701 1518 3758 ita
1544 3699 1628 3758 latini
1644 3699 1789 3760 sermonis
1804 3719 1846 3757 ra.

493 3783 682 3861 πρεσβυτέροις
708 3779 765 3837 hoc
789 3779 856 3836 loco
878 3792 1066 3851 nequaquam
1083 3793 1142 3832 ma·
1194 3777 1274 3837 tione
1284 3780 1452 3856 exigitur,ut
1463 3801 1560 3857 neque
1571 3783 1594 3840 F
1597 3783 1658 3840 unk
1670 3783 1742 3840 illud
1755 3792 1846 3839 trans-

489 3867 641 3943 gistratum
652 3857 885 3919 ecclesiasticum
901 3858 954 3915 sed
971 3869 1141 3932 provectam
1194 3858 1296 3918 lationi
1312 3881 1382 3919 snae
1399 3863 1586 3938 interponere
1603 3863 1751 3922 dubitarit.

490 3957 618 4008 aelaleffl
634 3939 767 4001 indicari·
1234 3939 1326 4021 illins]
1341 3947 1357 3972 “
1370 3944 1525 4020 diligenter
1537 3945 1551 3971 '³
1567 3944 1667 4003 inserit
1680 3947 1729 4004 Gr.

534 4048 558 4087 2.
571 4020 894 4103 rnodr'ca]=moderata.
912 4021 961 4078 Gr.
980 4024 1082 4097 μέτρια,
1239 4043 1281 4096 13.
1292 4025 1480 4098 plem'tudo.‚.
1493 4022 1617 4104 largior]
1630 4027 1679 4085 Gr.
1694 4028 1843 4102 “ptem⁸

533 4130 557 4185 3.
576 4099 733 4182 ennaranti]
748 4099 861 4176 scripsi;
877 4101 927 4159 Gr.
940 4105 1057 4177 ἀμώμῳ.
1082 4105 1138 4162 Ms.
1192 4103 1297 4162 effusio
1310 4107 1332 4162 ”,

493 4196 510 4224 “
524 4185 695 4248 innocentia
706 4186 729 4242 ''.
744 4185 779 4242 ln
793 4183 842 4242 Gr.
857 4182 1053 4256 praemittitur
1063 4204 1141 4259 prae-
1238 4203 1279 4258 17.
1298 4184 1475 4266 agnoranles]
1492 4189 1541 4246 Gr.
1560 4191 1676 4258 ἄκοντες,
1693 4191 1775 4265 quod
1789 4193 1846 4264 ple.

399 4265 402 4271 ’
492 4270 601 4350 positio
625 4266 684 4324 “in
697 4267 721 4337 '’,
744 4282 821 4340 quae
838 4263 878 4321 ob
903 4262 1058 4338 repetitam
1076 4284 1141 4324 ean·
1194 4263 1277 4339 rique
1303 4269 1393 4326 latine
1419 4267 1646 4343 interpretantur
1677 4274 1694 4301 “
1716 4271 1799 4330 inviti
1820 4274 1844 4333 '',

491 4357 562 4414 dem
577 4350 719 4427 syllabam
735 4343 819 4403 initio
835 4343 915 4401 vocis
932 4344 1142 4404 “innocentia”
1194 4350 1334 4406 Attamen
1350 4349 1379 4406 in
1397 4351 1524 4425 Vulgata
1537 4350 1702 4409 Bibliornm
1715 4352 1846 4413 editione

492 4435 577 4494 facile
593 4453 610 4490 a
625 4428 742 4488 librario
757 4424 951 4502 praetermitti
965 4427 1068 4500 potuit.
1194 4430 1316 4488 Numer.
1332 4447 1376 4505 15,
1391 4451 1426 4505 29
1443 4431 1531 4489 verba
1554 4439 1582 4496 ὃς
1595 4433 1638 4489 ἐὰν
1654 4437 1753 4510 ποιήσῃ
1770 4437 1847 4492 ἀκου-

533 4507 692 4589 innocenti]
711 4512 756 4566 ml
769 4516 851 4583 σεμνῇ
876 4507 960 4565 addit
983 4509 1043 4578 Gt,
1060 4511 1142 4584 quod
1194 4512 1257 4576 σίως
1273 4509 1361 4570 simili
1377 4513 1469 4570 modo
1489 4513 1668 4572 redduntur:
1685 4517 1702 4544 “
1714 4513 1765 4589 qui
1782 4533 1847 4590 pec-

493 4616 554 4656 non
577 4595 673 4653 solum
701 4587 823 4648 Latinus
850 4599 949 4647 noster
975 4591 1028 4647 sed
1052 4590 1141 4649 etiam
1195 4590 1325 4650 caverint
1341 4593 1510 4668 ignorantes
1520 4594 1543 4652 ”.

493 4676 628 4756 Syri-³⁰⁰⁵
644 4670 761 4731 omnm·
1071 4749 1073 4754 ¹
1239 4691 1283 4747 19.
1314 4682 1348 4732 ut
1367 4676 1449 4733 salui
1469 4675 1598 4734 essetis..
1623 4695 1685 4733 cum
1716 4673 1847 4756 nrrrrrero]
1907 4715 1908 4718 ο

535 4779 561 4836 9·
578 4749 693 4836 Xpisti]
711 4751 786 4812 COd·
812 4751 893 4808 Alex·
914 4760 961 4806 τοῦ
972 4760 1048 4824 θεοῖο
1066 4753 1144 4814 Con·
1196 4756 1245 4815 Gr.
1262 4757 1279 4784 “
1292 4765 1323 4814 ut
1333 4757 1430 4814 salvus
1445 4767 1560 4815 esset...
1579 4775 1719 4816 numerus
1731 4759 1754 4815 ”.
