4146 5578
440 500 515 585 xxv]
872 507 1028 568 yuxsro
1050 502 1369 579 turroyrssrun.
1742 497 1804 581 59'

442 735 489 805 ut
511 723 657 807 sciatis
697 725 799 835 quia
834 727 978 809 omnis
1019 723 1145 808 nobis
1171 750 1272 806 cura
1303 746 1472 829 semper
1491 729 1533 800 et
1555 715 1635 798 luit
1656 727 1697 797 et
1718 727 1794 816 est,

442 873 489 944 ut
511 861 844 972 quamcelerius
866 862 1062 946 habeatis
1079 887 1237 973 pacem.

500 1008 662 1094 LXIV.
690 1010 758 1093 De
778 1022 917 1094 cetero
952 1011 1026 1120 qui
1063 1007 1210 1093 omnia
1231 1003 1438 1116 prospicit
1461 1003 1581 1084 Deus
1603 1011 1645 1083 et
1661 999 1799 1083 domi-

443 1156 569 1227 natur
590 1145 822 1256 spirituum
844 1159 886 1230 et
921 1145 1139 1230 Dominus
1162 1145 1377 1226 universae
1398 1138 1551 1239 carniS,
1575 1137 1648 1249 qui
1670 1137 1799 1248 elegit

408 1309 422 1398 ⁵,
444 1283 685 1367 Dominum
711 1284 888 1368 Ihesum
912 1285 1120 1395 Xpistum
1143 1293 1184 1364 et
1216 1307 1296 1363 nos
1328 1304 1402 1388 per
1433 1276 1576 1386 ipsum
1599 1275 1642 1356 in
1665 1267 1810 1384 popu?

443 1419 533 1502 lum
555 1421 815 1522 aeternalem,
838 1419 910 1504 det
945 1419 1065 1503 omni
1087 1419 1245 1502 animae
1267 1415 1485 1500 inuocanti
1520 1413 1797 1524 magnificum

441 1569 482 1640 et
504 1569 701 1640 sanctum
725 1584 883 1640 nomen
906 1584 1034 1641 suum
1057 1556 1199 1656 fidem,
1215 1555 1428 1652 timorem,
1452 1577 1611 1662 pacem,
1632 1550 1798 1660 pacien-

441 1695 546 1777 tiam
580 1709 621 1777 et
657 1695 1043 1808 longanimitatem,
1079 1690 1404 1790 continentiam,
1439 1687 1692 1788 castitatem,
1731 1714 1798 1769 so-

441 1832 679 1934 brietatem,
703 1845 751 1915 ut
772 1832 935 1942 placeat
956 1831 1122 1915 nomini
1148 1831 1242 1914 eius
1265 1857 1339 1940 per
1360 1827 1606 1939 pontificem
1632 1837 1673 1909 et
1689 1827 1799 1908 anti-

275 2066 277 2070 ,
393 2002 423 2041 10
443 1969 588 2053 stitem
613 1980 811 2052 nostrum
832 1967 1008 2052 Ihesum
1024 1969 1246 2080 Xpistum:
1270 1991 1489 2077 perquem
1505 1975 1571 2047 est
1587 1963 1625 2046 ei
1646 1962 1795 2074 gloria,

442 2107 774 2220 magnificentia,
799 2106 1028 2218 imperium
1064 2119 1105 2191 et
1141 2106 1290 2206 honor,
1314 2117 1355 2189 et
1391 2115 1567 2187 nuncet
1589 2102 1633 2184 in
1655 2101 1798 2184 secula

441 2245 697 2329 seculorum.
721 2245 876 2329 Amen.

499 2401 636 2486 LXV.
681 2400 805 2508 Quos
858 2413 1003 2485 autern
1045 2399 1247 2483 misimus
1282 2427 1335 2484 ex
1381 2397 1520 2497 nobis,
1563 2389 1797 2480 Claudium

443 2538 675 2650 Ephebum
697 2551 739 2622 et
754 2538 982 2623 Ualerium
1000 2539 1201 2622 Bitonem
1219 2566 1306 2622 una
1327 2565 1424 2620 cum
1443 2535 1685 2620 Fortunato
1699 2563 1797 2618 cum

393 2708 420 2762 ις
441 2705 542 2788 pace
562 2689 604 2761 et
635 2675 798 2789 gaudio
833 2678 1061 2760 confestim
1084 2678 1288 2762 remittite
1315 2678 1369 2760 ad
1407 2704 1499 2777 nos,
1523 2687 1571 2759 ut
1606 2675 1798 2759 uelocius

441 2816 675 2927 optabilem
716 2827 758 2900 et
798 2815 1125 2900 desiderabilem
1168 2819 1294 2901 nobis
1335 2845 1482 2929 pacem
1515 2827 1556 2900 et
1586 2815 1797 2899 unitatem

443 2957 655 3058 nuntient,
680 2967 727 3038 ut
749 2967 790 3038 et
813 2983 892 3038 nos
913 2956 1041 3039 citius
1064 2955 1333 3069 gaudeamus
1355 2954 1408 3037 de
1429 2966 1572 3038 uestra
1592 2953 1800 3064 tranquil-

441 3094 570 3177 litate.

500 3223 651 3308 Gratia
674 3223 854 3307 Domini
878 3224 1014 3307 nostri
1039 3224 1169 3308 lhesu
1206 3223 1353 3334 Xpisti
1376 3222 1615 3322 uobiscum,
1633 3233 1678 3304 et
1699 3239 1797 3304 curn
1836 3296 1838 3300 ,

391 3394 422 3431 20
440 3361 646 3444 omnibus
668 3360 828 3471 ubique
849 3361 923 3472 qui
961 3362 1100 3444 uocati
1123 3373 1225 3445 sunt
1246 3390 1271 3444 a
1294 3363 1388 3445 Deo
1410 3387 1484 3471 per
1505 3360 1672 3470 ipsum:
1698 3384 1797 3440 eum

485 3546 509 3584 1.
523 3519 643 3604 semper]
654 3524 739 3584 deest
751 3522 781 3582 in
793 3525 843 3584 Gr.
861 3535 889 3583 et
904 3525 965 3601 Syr.
1147 3535 1227 3584 terea
1255 3524 1399 3584 obscurus
1428 3521 1562 3584 redditur
1589 3540 1702 3594 seusus,
1728 3518 1799 3597 quia

484 3627 510 3684 3.
529 3608 577 3664 De
590 3601 688 3684 cetero]
705 3604 834 3681 Reliqua
848 3605 990 3682 deinceps
1005 3605 1093 3667 etiam
1147 3605 1279 3678 verbum,
1303 3623 1355 3683 per
1370 3605 1453 3681 quod
1479 3621 1583 3664 sensus
1609 3601 1797 3679 intellegitur,

442 3687 472 3747 in
487 3686 593 3747 codice
613 3685 815 3746 Alexandrino
827 3688 971 3763 leguntur.
1147 3686 1263 3748 novitas
1281 3687 1432 3747 occultum
1448 3684 1525 3745 lacit.
1541 3685 1556 3714 ''

460 3818 463 3824 .
482 3765 554 3848 qm']
569 3766 680 3844 scripsi.
697 3767 817 3828 Codex:
838 3772 856 3800 ‘⁴
868 3769 938 3845 quia
954 3769 1055 3830 omnia
1070 3772 1092 3830 ”.
1188 3771 1214 3828 8.
1231 3765 1269 3848 et]
1285 3787 1354 3828 curn
1376 3778 1478 3828 nostro
1503 3767 1571 3827 add.
1596 3765 1751 3827 Constant.
1769 3774 1798 3824 et

443 3852 548 3910 GraeC.
565 3851 787 3919 ὀπαντεπόπτης.
1147 3851 1219 3928 Syr„
1236 3870 1292 3909 om.
1306 3849 1464 3910 Alexandr.

482 3925 662 4008 dominatur]
694 3957 719 3976 =
747 3933 764 3962 “
784 3929 954 3991 dominator
983 3934 997 3960 '’
1011 3955 1020 4006 3
1042 3935 1092 3993 Gr.
1191 3953 1234 3990 10.
1247 3928 1284 4010 ee‘]
1295 3931 1405 4008 scripsi.
1423 3933 1473 3991 Gr.
1487 3931 1569 4004 αὐτῷ,
1583 3928 1689 3990 Codex
1705 3931 1761 3988 “et
1773 3929 1797 4000 '',

443 4013 581 4081 δεσπότης.
1147 4015 1224 4072 male
1234 4011 1365 4072 confusis
1377 4012 1480 4072 litteris
1495 4013 1549 4070 iet
1564 4017 1583 4070 t.

485 4095 511 4150 6.
539 4089 715 4172 aeternalem]
742 4094 792 4152 Gr.
820 4096 969 4170 περιούσιον
995 4124 1020 4143 =
1047 4114 1095 4172 pe·
1183 4091 1293 4174 gloria]
1316 4097 1333 4126 “
1352 4105 1382 4154 et
1396 4096 1411 4122 '²
1426 4093 1494 4153 add.
1520 4091 1680 4152 Alexandr.
1707 4091 1795 4163 solus,

447 4172 597 4234 culiarem.
620 4171 702 4248 Quid
718 4174 819 4250 legerit
834 4171 985 4250 interpres,
1003 4175 1095 4236 incer·
1147 4178 1227 4253 quie
1241 4174 1390 4235 contrario
1404 4175 1530 4236 eandem
1553 4171 1797 4234 coniunctionem

443 4266 528 4328 tum;
550 4274 654 4314 verum
679 4256 707 4315 S.
726 4255 931 4332 Hieronymus
952 4256 982 4316 in
999 4259 1093 4334 Epist.
1146 4258 1256 4317 omittit
1272 4267 1338 4334 post
1355 4261 1372 4288 “
1388 4254 1545 4332 imperium
1559 4257 1583 4315 '’.

443 4337 482 4396 ad
497 4337 555 4395 Tit.
575 4337 618 4410 11,
638 4356 673 4408 14
694 4337 817 4397 verbum
840 4343 989 4415 περιούσιον
1014 4340 1094 4400 haud
1190 4359 1234 4398 11.
1261 4347 1289 4398 et
1308 4335 1351 4418 r'n]
1380 4341 1397 4370 “
1412 4336 1513 4398 omnia
1529 4338 1543 4366 ''
1565 4338 1635 4396 add.
1662 4335 1745 4394 Alex.
1769 4344 1798 4394 et

443 4437 506 4477 uno
531 4417 624 4478 modo
648 4418 687 4478 ab
701 4419 911 4497 interpretibus
937 4433 1094 4498 acceptum
1147 4422 1250 4482 Const.

444 4518 509 4560 esse
524 4498 742 4560 animadvertit.
758 4502 796 4560 Et
808 4500 838 4560 in
850 4521 940 4578 opere
949 4503 1094 4563 hactenus
1190 4523 1234 4561 20.
1251 4523 1269 4560 a
1284 4503 1349 4559 Deo
1375 4504 1392 4533 ‘⁴
1418 4511 1446 4560 et
1461 4501 1477 4529 ''
1492 4501 1561 4560 add.
1578 4501 1661 4560 Alex.
1678 4509 1708 4560 et
1737 4501 1797 4575 Syr.

444 4579 556 4654 latenti,
572 4582 654 4656 quod
670 4581 752 4641 brevi
762 4601 811 4643 me
822 4601 910 4660 spero
925 4585 1096 4644 editurum:
1187 4602 1250 4642 eum
1288 4603 1343 4658 quo
1387 4581 1508 4659 Reliqui
1543 4583 1664 4642 codices
1693 4584 1710 4616 “
1748 4598 1800 4657 per

446 4661 579 4724 tVerbo
604 4666 755 4741 περιουσίῳ,
782 4662 888 4741 inquit,
914 4663 945 4725 id
971 4675 1015 4725 est
1030 4665 1097 4724 sub·
1147 4683 1238 4740 quern
1263 4667 1285 4724 ²².
1326 4665 1516 4726 Contrarium
1550 4661 1677 4723 occurrit
1711 4679 1800 4738 supra

349 4767 351 4772 ·
444 4743 583 4818 stantiali,
594 4743 725 4822 exceptis
740 4745 850 4806 sanctis
862 4746 1022 4824 scripturis,
1034 4748 1097 4805 nul·
1147 4765 1175 4822 p.
1195 4767 1240 4818 22,
1257 4747 1274 4806 l.
1295 4766 1338 4804 10.

445 4832 489 4889 lus
504 4829 575 4889 foris
589 4827 765 4890 disertorum
791 4839 837 4890 est
851 4847 921 4888 usus
933 4849 943 4903 3
968 4839 998 4888 et
1011 4847 1097 4906 prop-
