4146 5578
403 530 458 610 40
831 525 1079 586 CLEMENTIS
1102 525 1335 585 EPISTVLAE
1663 521 1755 605 [xuni

403 745 730 856 euuangelizare
762 770 944 855 regnum
969 745 1051 826 Dei
1075 745 1269 854 incepere
1305 745 1463 828 uenire.
1504 745 1756 828 Secundum

405 885 640 995 municipia
655 911 759 996 ergo
780 897 822 967 et
843 883 1041 966 ciuitates
1059 883 1341 993 predicantes,
1360 911 1434 967 eos
1456 883 1531 995 qui
1553 882 1757 967 obaudie-

405 1023 507 1106 bant
525 1021 740 1104 uoluntati
776 1021 857 1104 Dei
894 1021 1175 1130 baptizantes,
1210 1022 1504 1132 preponebant
1536 1021 1758 1131 primitiua

403 1190 564 1262 eorum,
603 1159 766 1270 proban
794 1168 799 1270 t
827 1160 896 1242 Iol.
938 1185 1014 1264 1¹3
1040 1163 1047 1270 Ι
1073 1173 1138 1243 tes
1171 1162 1339 1272 spiritu,
1379 1163 1422 1243 in
1456 1163 1683 1272 episcopos
1716 1153 1776 1243 et'

405 1303 641 1399 ministros
665 1297 739 1410 qui
774 1298 1037 1407 incipiebant
1058 1299 1238 1385 credere.
1267 1302 1327 1382 Et
1349 1299 1429 1384 hoc
1452 1328 1539 1382 non
1563 1328 1755 1384 nouum:
1794 1333 1807 1384 5

402 1469 453 1522 ex
476 1438 625 1521 multis
647 1436 765 1519 enim
788 1436 1056 1546 temporibus
1081 1439 1290 1547 scriptum
1317 1451 1407 1521 erat
1436 1467 1513 1549 pro
1542 1439 1758 1548 episcopis

402 1593 443 1661 et
460 1576 682 1660 ministris
695 1575 769 1659 Sic
784 1575 900 1656 enim
915 1575 1019 1658 dicit
1034 1577 1262 1686 scriptura:
1275 1579 1535 1687 Praeponnnn
1550 1578 1760 1687 epitropos

401 1741 548 1797 eornm
569 1713 614 1794 in
636 1711 824 1811 insana,
842 1717 886 1793 et
901 1713 1125 1799 ministros
1140 1743 1285 1799 eornm
1307 1718 1353 1799 in
1360 1718 1468 1826 fide.

461 1854 632 1936 XLIII.
663 1853 720 1934 Et
742 1851 847 1962 quid
871 1854 1041 1954 mirum,
1068 1856 1104 1937 si
1135 1857 1208 1965 qui
1235 1857 1278 1937 in
1302 1857 1463 1966 Xpisto
1493 1857 1703 1940 creditum
1734 1887 1760 1938 a

406 1993 500 2074 Deo
516 2018 626 2100 opus
645 1989 728 2071 tale
742 1989 795 2071 de
816 1991 1136 2076 constituerunt
1154 1995 1277 2078 illos?
1294 1995 1367 2078 ubi
1390 2008 1432 2077 et
1449 1995 1601 2077 beatus
1619 1994 1758 2076 fidelis
1781 2031 1811 2065 ιο

403 2133 447 2212 in
470 2142 561 2213 tota
582 2129 713 2213 domo
752 2131 929 2240 Moyses
966 2145 1180 2242 praecepta
1215 2131 1297 2214 sibi
1335 2133 1482 2214 omnia
1518 2133 1685 2215 notauit
1715 2133 1757 2212 in

404 2270 535 2352 sacris
558 2269 696 2370 libris;
714 2269 781 2350 cui
806 2282 847 2350 et
868 2268 1063 2352 obsecuti
1087 2286 1189 2354 sunt
1211 2271 1337 2353 ceteri
1367 2270 1588 2380 prophetae
1610 2271 1760 2352 testifi-

402 2425 559 2510 canteS,
579 2437 677 2519 quae
698 2437 772 2519 per
794 2437 895 2492 eum
918 2410 1089 2521 legibus
1117 2411 1403 2493 continentur.
1433 2410 1511 2492 Ille
1531 2410 1648 2491 enim
1669 2411 1759 2491 zelo

404 2547 609 2631 incidenti
632 2548 685 2629 de
704 2547 969 2649 sacerdotali,
1003 2563 1044 2631 et
1067 2548 1421 2633 contendentium
1446 2547 1637 2631 tribuum
1660 2575 1759 2657 quae

403 2714 552 2769 eorum
578 2699 691 2767 esset
719 2686 798 2767 hoc
826 2687 1006 2768 mirifico
1049 2689 1224 2771 nomine
1260 2687 1512 2797 composita,
1543 2687 1672 2769 iussit
1705 2715 1758 2768 ex
1782 2721 1810 2773 15
1895 2701 1897 2704 ’

404 2853 500 2910 ,ΧΗ
524 2895 530 2909 .
556 2824 756 2907 tribubus
794 2826 1008 2935 principes
1042 2825 1125 2908 sibi
1161 2825 1311 2907 offerre
1348 2824 1496 2935 uirgas
1531 2824 1759 2933 inscriptas

405 2964 731 3074 unuscuiusque
763 2963 903 3046 tribus
935 2991 1105 3046 nomen.
1138 2964 1197 3044 Et
1218 2961 1432 3072 accipiens
1454 2991 1525 3044 eas
1557 2962 1759 3073 alligauit

402 3116 444 3187 et
466 3103 657 3214 signauit
678 3101 821 3184 anulis
840 3102 1033 3184 tribuum
1051 3101 1307 3211 principum,
1328 3111 1368 3182 et
1386 3100 1532 3208 posuit
1554 3101 1598 3181 in
1620 3099 1759 3183 taber-

447 3389 472 3431 1.
487 3361 718 3445 euuangelizare]
744 3367 849 3425 Graec.
878 3368 895 3396 “
911 3363 1055 3440 evangeli·
1151 3388 1193 3425 10.
1212 3363 1287 3446 illos]
1310 3367 1359 3426 Gr.
1380 3364 1579 3441 “praedictos
1594 3368 1618 3438 ’',
1635 3379 1667 3427 ut
1691 3387 1756 3445 pag.

402 3461 502 3510 nantes
517 3450 541 3507 ''.
1106 3449 1241 3526 praeced.
1259 3449 1276 3507 l.
1296 3467 1339 3506 10.

443 3533 566 3607 incepere
586 3528 631 3608 (=
662 3525 806 3606 incipere)
827 3523 935 3607 uenire]
963 3529 1053 3586 Haec
1135 3525 1247 3608 fidelis]
1265 3533 1282 3561 ‘⁶
1298 3547 1398 3588 servus
1412 3529 1427 3556 ''
1442 3529 1511 3588 add.
1525 3531 1576 3588 Gr.

403 3614 493 3672 verba
507 3611 537 3669 in
566 3609 671 3670 codice
683 3629 837 3686 perperam
848 3629 917 3667 cum
930 3627 1053 3684 sequen·
1149 3632 1192 3668 12.
1219 3606 1408 3689 testificantes]
1434 3610 1563 3669 subaudi
1594 3615 1612 3643 “
1628 3610 1663 3670 iis
1674 3613 1698 3684 '’,
1724 3624 1756 3670 ut

403 3696 481 3754 tibus
497 3692 727 3768 coniunguntur.
1104 3711 1192 3769 supra
1207 3693 1223 3750 l.
1242 3709 1267 3767 5.

447 3797 469 3834 2.
501 3794 544 3832 eos
582 3774 636 3849 qni
668 3795 691 3831 ο.
730 3792 755 3830 n.
788 3773 830 3832 D.
860 3767 1048 3850 baptr'zantes]
1147 3793 1190 3845 14.
1208 3768 1359 3851 incidenti]
1374 3800 1413 3820 =
1428 3771 1589 3833 incidente.

403 3857 495 3918 Unde
516 3853 668 3932 protulerit
702 3853 844 3929 interpres
864 3853 913 3910 illa
953 3853 1050 3924 verba,
1141 3849 1381 3932 contendentium]
1408 3854 1570 3914 Genetivus
1591 3855 1754 3928 absolutus,

404 3937 518 3998 nescio:
545 3935 617 3994 nihil
643 3934 723 3994 enim
750 3932 922 3993 huiusmodi
947 3932 976 3990 in
998 3936 1048 3994 Gr.
1104 3939 1287 3998 Graecorum
1303 3953 1394 3993 more.

402 4032 452 4080 aut
467 4021 527 4094 Syr.
545 4018 635 4076 codd.
651 4015 794 4075 invenies.
1144 4013 1284 4096 tribuunt]
1311 4017 1457 4076 Ultimam
1485 4017 1640 4092 syllabam,
1663 4037 1754 4094 quam

442 4122 469 4174 4.
485 4095 604 4178 spiritu]
620 4098 723 4175 scripsi
738 4097 817 4156 iuxta
840 4100 889 4156 Gr.
912 4105 952 4172 τῷ
974 4100 1049 4154 ansd—
1104 4099 1248 4176 posterior
1276 4116 1381 4156 manus
1411 4099 1569 4170 deleverat,
1601 4099 1754 4159 restituere

403 4206 475 4254 ματι;
502 4181 608 4241 Codex
637 4192 736 4238 tamen
768 4178 917 4256 “spiritus
934 4179 958 4236 ''.
1105 4202 1165 4241 non
1181 4178 1323 4240 dubitavi.

444 4281 470 4340 5.
507 4257 666 4341 ministros]
709 4260 903 4336 subintellege
951 4263 969 4290 “
1005 4278 1053 4319 eo·
1148 4265 1192 4321 16.
1217 4256 1359 4339 lrr'bnbns]
1386 4280 1421 4320 ex
1446 4264 1464 4292 “
1480 4259 1572 4320 tribus
1588 4263 1603 4288 ’'
1632 4261 1755 4337 antiqua

403 4364 468 4404 rum
489 4345 513 4403 ''.
1105 4361 1195 4401 manu
1207 4351 1384 4401 correctum.

445 4444 469 4501 7.
483 4422 571 4504 eninr]
590 4429 606 4456 “
621 4422 728 4483 alicubi
739 4425 754 4451 ’'
764 4423 832 4482 add.
847 4423 896 4482 Gr.
912 4423 1053 4498 Ctsupra
1149 4427 1192 4482 18.
1209 4425 1241 4481 in
1266 4419 1493 4502 tabernaculum]
1513 4425 1642 4480 Paucula
1667 4424 1755 4501 verba

403 4528 431 4584 p.
451 4525 495 4584 15,
508 4508 526 4565 l.
545 4527 590 4576 22,
604 4518 658 4565 etc.
1105 4505 1145 4564 ob
1171 4502 1356 4563 iterationem
1381 4503 1461 4563 vocis
1478 4508 1495 4534 “
1511 4504 1754 4563 tabernaculum

442 4584 599 4667 scriptura]
615 4588 650 4645 cf.
669 4589 707 4646 Is.
725 4589 773 4658 60,
793 4603 836 4660 17.
1106 4585 1216 4644 omissa
1237 4584 1277 4642 ita
1301 4603 1338 4643 ex
1348 4603 1455 4659 graeco
1470 4584 1653 4644 restituenda
1668 4599 1754 4644 sunt:

443 4691 469 4747 9.
486 4671 540 4745 qui
563 4672 615 4716 =“
631 4667 649 4725 ii
664 4667 774 4743 quibus
790 4668 816 4730 ''.
1108 4666 1170 4725 “in
1209 4666 1434 4725 tabernaculum
1471 4665 1635 4726 testimonii
1665 4687 1755 4743 super

447 4772 491 4810 10.
507 4751 540 4808 de
568 4751 718 4824 Quorsum
745 4749 818 4807 haec
834 4747 976 4824 particula
991 4769 1054 4824 per·
1106 4766 1239 4807 mensam
1274 4745 1353 4819 Dei;
1391 4757 1419 4805 et
1449 4761 1607 4824 postquam
1650 4747 1754 4808 clausit

403 4833 504 4906 tinent,
521 4832 601 4890 haud
616 4829 758 4906 equidem
774 4828 871 4890 video
1106 4829 1370 4890 tabernaculum...
1385 4829 1400 4855 '’
