4146 5578
479 465 583 548 xxvtt]
903 476 1058 536 VERSIO
1083 479 1400 554 ANTIQVISSIMA.
1786 486 1836 568 27

480 690 604 775 Sicut
626 693 921 803 scriptumest
944 695 987 778 in
1006 695 1229 806 propheta:
1249 697 1585 797 unsaramma,
1604 703 1649 780 et
1667 701 1838 809 confite-

480 831 556 914 bor
574 831 662 914 titt.
693 833 750 913 Et
772 832 930 916 iterum
953 837 1270 946 scriptumest:
1296 838 1396 947 Ego
1434 824 1627 920 dormiri
1643 843 1687 920 et
1721 844 1839 949 sopo-

479 975 611 1086 ratus
638 982 757 1065 surm·
777 975 1021 1076 exsurrexi,
1041 975 1246 1084 quoniam
1282 982 1343 1076 tu,
1363 976 1559 1076 Domine,
1583 1001 1746 1058 mecum
1781 1004 1833 1062 es.

482 1110 540 1190 Et
563 1108 717 1190 iterum
755 1110 864 1194 dixit
887 1113 929 1194 in
956 1105 1050 1196 Iob:
1074 1114 1319 1199 §auertatis
1357 1118 1509 1224 corpus
1544 1141 1696 1215 meum,
1727 1116 1844 1224 quod

446 1249 622 1334 smalto
643 1252 764 1334 mala
774 1255 961 1360 passum
982 1258 1056 1336 est.

538 1387 733 1472 XXVII.
776 1392 928 1500 Itaque
965 1390 1043 1473 hac
1076 1419 1151 1501 spe
1187 1389 1363 1474 hereant
1395 1390 1553 1473 animae
1590 1401 1749 1474 nostrae
1782 1392 1848 1493 adr

477 1547 590 1625 eum,
614 1527 689 1637 qui
713 1553 841 1610 uerus
877 1540 943 1610 est
979 1542 1020 1611 et
1056 1542 1210 1638 potens
1245 1542 1287 1612 et
1324 1529 1465 1611 iustus
1507 1529 1550 1610 in
1592 1529 1832 1614 iudicando

479 1664 566 1772 Qui
603 1665 718 1747 enim
756 1665 936 1776 precipit
974 1695 1060 1749 non
1099 1667 1338 1766 mentiri...
1379 1669 1531 1777 Itaque
1562 1666 1679 1750 'fides
1721 1668 1837 1751 illius

479 1803 522 1884 in
560 1803 687 1886 nobis
720 1804 926 1906 firmetur,
965 1817 1007 1888 et
1043 1806 1349 1917 intellegamus
1385 1807 1487 1916 quia
1522 1807 1671 1889 omnia
1706 1807 1838 1890 uerbo

431 1975 460 2011 ιο
479 1941 719 2024 maiestatis
741 1969 832 2026 suae
856 1945 966 2046 fecit,
990 1958 1031 2027 et
1068 1944 1201 2027 uerbo
1223 1957 1366 2054 potest
1387 1972 1436 2027 ea
1457 1944 1631 2029 deicere.
1659 1947 1718 2028 Et
1740 1947 1838 2056 quis

478 2079 540 2162 illi
563 2079 666 2162 dicit
685 2109 692 2164 :
718 2081 862 2189 Quare
885 2085 1052 2167 fecisti?
1068 2085 1159 2167 Aut
1175 2085 1274 2194 quis
1291 2083 1574 2167 contrastabit
1591 2082 1836 2166 fortitudini

479 2226 655 2308 uirtutis
677 2226 802 2308 eius?
824 2223 950 2334 Quia,
974 2250 1072 2305 cum
1107 2223 1235 2321 uolet,
1259 2234 1309 2322 etw
1336 2221 1559 2332 quomodo
1581 2221 1688 2322 uult,
1713 2221 1838 2303 saciet

477 2364 560 2467 illa,
579 2377 621 2448 et
643 2365 750 2447 nihil
768 2364 999 2476 preterient
1015 2389 1125 2473 quae
1142 2363 1378 2445 constituta
1395 2373 1497 2444 sunt
1513 2389 1538 2442 a
1553 2361 1659 2442 Deo.
1677 2361 1838 2443 Omnia

475 2503 591 2585 enim
629 2504 672 2585 in
707 2514 939 2614 conspectu
966 2502 1060 2584 eius
1096 2513 1210 2602 sunt,
1235 2513 1276 2583 et
1299 2501 1406 2582 nihil
1444 2500 1545 2583 latet
1567 2499 1837 2582 uoluntatem
1869 2569 1870 2572 a

429 2665 457 2718 τε
475 2643 580 2724 eius,
602 2642 649 2725 Si
673 2642 769 2725 caelz'
786 2646 1001 2724 enarrant
1022 2639 1296 2723 protestatem
1317 2640 1462 2738 Det‘,et
1477 2643 1605 2748 opera
1626 2664 1837 2730 manuum

476 2781 598 2864 illius
617 2781 1199 2889 adrrncr'atfirmamentum,·
1227 2779 1270 2860 sr‘
1297 2778 1388 2861 dies
1412 2777 1501 2860 diez·
1518 2769 1722 2861 eructuat
1742 2804 1837 2860 ner-

475 2922 586 3021 bum,
629 2927 672 3003 et
711 2948 799 3004 nox
847 2921 965 3003 nocti
1011 2919 1179 3001 indicat
1218 2919 1457 3016 scientiam,
1509 2924 1552 3000 et
1600 2945 1682 3000 uon
1732 2923 1838 2999 sunt

475 3060 649 3168 loquelca
686 3087 819 3167 neque
852 3085 1076 3158 sermones
1115 3085 1296 3165 qnorum
1332 3085 1415 3140 non
1450 3057 1699 3139 audiuntur
1718 3083 1837 3138 uoces

473 3227 619 3283 emim
632 3230 646 3280 .“

519 3479 620 3537 1.sirut
628 3477 767 3553 scrptum
779 3484 820 3535 est
833 3478 864 3536 in
869 3479 1025 3554 propheta:
1035 3478 1127 3538 Susci-
1179 3477 1464 3537 homoeoteleuton:
1494 3482 1511 3510 “
1529 3480 1624 3537 multo
1648 3477 1747 3538 minus
1773 3478 1836 3556 ipse

474 3555 569 3642 tabis}
593 3561 644 3618 Gr.
663 3559 753 3635 paulo
775 3557 879 3618 aliter:
904 3564 921 3592 “
942 3559 1025 3619 Dicit
1046 3560 1125 3618 enim
1180 3559 1346 3632 mentietur,
1364 3559 1437 3618 nihil
1460 3559 1539 3619 enim
1557 3559 1741 3635 impossibile
1755 3562 1836 3637 apud

473 3641 596 3701 alicubi:
608 3641 645 3698 Et
657 3639 813 3698 suscitabis
825 3642 840 3668 ''
862 3652 917 3700 etc.
1181 3643 1281 3701 Deum
1297 3653 1503 3718 praeterquam
1521 3639 1639 3700 mentiri
1655 3643 1678 3700 ’'.

517 3744 542 3782 2.
559 3725 663 3782 rterum
678 3723 815 3798 emptum
830 3719 882 3802 est]
897 3741 956 3804 om.
974 3725 1024 3783 Gr.
1222 3743 1247 3798 9.
1265 3724 1336 3798 quia
1358 3721 1469 3804 omnm]
1497 3725 1612 3781 Rursus
1637 3721 1779 3783 orationis
1794 3743 1836 3783 ar-

513 3807 579 3880 Ego
592 3799 735 3882 dormiri]
752 3805 797 3860 Ps.
816 3823 842 3878 3,
857 3811 882 3862 ὁ.
1180 3803 1303 3864 ticulum
1328 3805 1534 3880 praetermittit
1549 3803 1683 3863 librarius
1699 3805 1739 3864 ob
1752 3806 1836 3880 itera·

515 3908 541 3962 3.
558 3881 697 3964 Dormire]
714 3903 771 3942 om.
787 3885 836 3943 Gr.
1180 3899 1239 3944 tam
1264 3905 1368 3945 vocem
1388 3891 1405 3918 “
1421 3885 1522 3946 omnia
1538 3887 1560 3944 ”.
1578 3888 1628 3946 Gr.
1655 3885 1714 3946 ita:
1732 3891 1749 3918 ‘⁴
1764 3887 1834 3962 quia

513 3989 540 4042 4.
560 3973 576 4000 “
592 3966 664 4027 dicit
680 3969 694 3994 ’'
710 3967 760 4026 Gr.
775 4003 814 4009 —
830 3967 887 4026 Iob
904 3987 946 4042 19,
966 3969 1011 4025 26.
1179 3967 1280 4026 omnia
1306 3967 1473 4044 propinqua
1492 3967 1546 4044 ipsi
1560 3979 1627 4026 suut
1639 3990 1646 4040 3
1658 3968 1760 4026 omnia
1774 3989 1833 4029 ver·

469 4093 472 4097 -
512 4059 612 4127 corpus
626 4069 726 4120 meum,
747 4049 825 4123 quod
845 4050 939 4106 mulla
960 4046 1124 4128 thaletem]
1180 4049 1218 4107 bo
1235 4049 1396 4108 maiestatis
1408 4052 1424 4078 '³
1439 4060 1494 4108 etc.

473 4135 522 4193 Gr.
542 4137 559 4164 “
573 4150 691 4190 carnem
719 4149 816 4188 meam
839 4131 925 4203 hanc,
942 4146 1019 4206 quae
1040 4150 1125 4206 passa
1221 4151 1264 4188 11.
1282 4127 1362 4210 dicit]
1378 4133 1442 4208 lege
1458 4135 1476 4162 “
1491 4129 1570 4191 dicet
1585 4133 1607 4189 ”.

471 4229 515 4274 est
531 4215 631 4272 omnia
647 4214 720 4270 haec
736 4212 757 4268 ’'.
1222 4233 1263 4288 13.
1289 4209 1459 4292 preterient]
1503 4213 1678 4288 Legendum
1718 4213 1834 4273 videtur

513 4297 568 4370 6-7.
586 4297 742 4352 herrant...
760 4294 803 4350 ad
810 4314 873 4350 eum
888 4293 1006 4370 scripsi3
1019 4295 1123 4354 Codex
1178 4297 1195 4325 ‘¹
1211 4293 1365 4370 praeteriet
1381 4296 1404 4366 '’‚
1422 4295 1632 4354 subaudiendo
1655 4299 1724 4353 “ex
1747 4297 1791 4354 his
1807 4298 1829 4354 '’.

474 4378 662 4435 “erant...ad
675 4377 773 4434 Deum
781 4377 806 4448 '²3
816 4377 865 4434 Gr.
875 4377 1121 4434 ποσδεδέσθωσαν...
1216 4396 1235 4433 a
1252 4372 1327 4455 Deo]
1344 4377 1394 4435 Gr.
1413 4381 1430 4406 “
1446 4376 1482 4434 ab
1499 4393 1536 4433 eo
1551 4377 1573 4433 ''.

470 4467 510 4534 τῷ
522 4467 617 4532 πιστῷ.
1220 4474 1263 4533 15,
1281 4453 1474 4537 Sicaelietc.]
1491 4459 1536 4516 Ita
1553 4457 1741 4534 interpuncta
1765 4470 1833 4518 sunt

514 4558 538 4614 7.
554 4558 637 4596 uerus
651 4533 702 4616 est]
715 4539 763 4596 Gr.
785 4535 896 4594 omisso
917 4539 934 4566 “
946 4548 974 4595 et
992 4549 1096 4613 potens
1109 4539 1123 4566 ’'
1176 4539 1264 4598 verba
1280 4538 1310 4596 in
1336 4538 1442 4598 codice
1466 4551 1577 4610 nostro,
1594 4549 1625 4596 ut
1646 4539 1745 4614 potius
1761 4561 1829 4598 cum

471 4622 540 4681 add.
557 4625 575 4652 “
591 4620 619 4678 in
636 4616 881 4696 promissionibus
896 4620 919 4676 ⁷’.
1176 4619 1260 4678 initio
1285 4621 1390 4696 capitis
1415 4620 1568 4696 sequentis
1594 4619 1745 4696 iungenda
1767 4640 1831 4680 esse

404 4749 408 4756 .
512 4705 538 4761 8.
562 4721 618 4760 non
633 4694 763 4776 mentiri]
776 4699 837 4756 Hic
852 4717 973 4774 quoque
989 4703 1124 4776 supplen-
1176 4701 1338 4762 videantur.

471 4785 510 4844 da
535 4782 622 4844 verba
647 4802 665 4841 a
694 4783 835 4858 scriptore
868 4781 978 4846 omissa
1007 4795 1126 4858 propter
1402 4778 1411 4792 '
