4146 5578
454 463 548 547 xxxi]
887 471 1043 530 VERSIO
1066 471 1383 545 ANTIQVISSIMA.
1761 482 1814 564 29

455 688 502 768 E
503 714 569 770 cce
610 689 824 772 Dorm'oos
856 697 998 772 tornet
1031 691 1116 772 sibi
1147 697 1316 801 genleio
1350 693 1402 774 de
1435 693 1571 776 medio
1599 696 1811 803 gentium,

458 827 663 936 quomodo
682 833 826 910 sternet
844 828 968 910 horno
1003 828 1297 912 initiationem
1332 856 1445 912 orico
1467 830 1569 925 sibi·
1603 837 1647 914 et
1669 834 1816 917 eximi

456 963 651 1074 degente
671 965 750 1047 illo
770 972 925 1050 sancio
945 973 1206 1051 sanctorum.

328 1215 331 1222 Ι
516 1104 664 1187 ΧΧΧ.
694 1106 799 1187 Pars
820 1132 924 1218 ergo
946 1117 1094 1188 sancta
1114 1107 1216 1216 quia
1252 1135 1417 1208 sumuS,
1441 1108 1649 1190 iaciamus
1670 1109 1817 1192 omnia

421 1268 585 1352 sopera
620 1243 874 1344 sanctitatis
899 1243 1114 1355 fugientes
1150 1244 1435 1330 detractiones
1472 1247 1718 1350 inmundas
1741 1249 1816 1331 ob-

347 1405 349 1410 ’
458 1407 610 1463 scenos
646 1381 775 1464 etiam
809 1383 1049 1493 amplexus
1088 1395 1129 1466 et
1162 1383 1399 1488 ebrietates
1423 1414 1576 1470 omnes
1611 1387 1816 1470 adinuen-

458 1517 611 1619 tiones,
637 1519 834 1604 inimicas
871 1522 1131 1621 uoluntates
1155 1535 1197 1604 et
1223 1523 1478 1607 inmundam
1502 1525 1751 1626 moechiam,
1775 1541 1816 1610 et

457 1658 797 1740 abominandam
817 1660 1063 1770 superbiam
1083 1689 1090 1744 :
1109 1660 1211 1771 quia
1227 1663 1348 1744 Deus
1362 1662 1559 1773 superbis
1576 1665 1815 1747 contrarius

456 1807 533 1894 est,
560 1823 658 1877 narn
698 1796 938 1879 humilibus
974 1797 1047 1880 dat
1078 1798 1274 1909 gratiam.
1304 1800 1547 1884 Hereamus
1582 1829 1685 1913 ergo
1716 1803 1814 1903 illis,

408 1936 616 2045 roquibus
650 1937 791 2048 gratia
822 1963 848 2017 a
885 1937 979 2019 Deo
1015 1936 1115 2018 data
1149 1948 1224 2020 est.
1253 1937 1494 2021 Induamur
1529 1940 1813 2044 concordiam,

461 2076 744 2160 humiliantes
767 2102 859 2175 n05,
883 2087 924 2159 et
945 2076 1214 2160 abstinentes
1235 2076 1290 2159 ab
1311 2077 1515 2160 omnibus
1538 2079 1676 2181 malis,
1700 2093 1741 2162 et
1762 2081 1816 2163 ab

458 2216 577 2298 omni
600 2217 896 2299 susurratione
917 2227 959 2297 et
980 2215 1243 2298 detractione
1260 2215 1387 2326 longe
1405 2217 1660 2318 recedentes
1679 2219 1815 2328 operi-

457 2355 538 2437 bus
575 2356 702 2438 iustis
739 2356 1032 2455 iustificemur‚
1068 2382 1153 2436 non
1190 2355 1346 2438 uerbis,
1388 2354 1511 2436 Dixit
1546 2355 1688 2438 enim:
1725 2357 1819 2462 Qui

457 2493 599 2575 rriolto
620 2493 796 2595 dociae
830 2500 981 2577 contio
1018 2495 1190 2591 audiet·
1209 2499 1252 2575 et
1286 2493 1366 2602 qui
1394 2493 1580 2576 molium
1607 2493 1813 2602 loquitor,

411 2663 437 2718 ιε
458 2661 540 2716 noo
552 2639 679 2742 potet
697 2662 742 2716 se
762 2635 928 2716 iostooi
961 2661 1058 2716 osse.
1083 2632 1344 2716 Benedictus
1375 2637 1509 2714 notos
1529 2631 1746 2730 inniteris·
1765 2659 1817 2714 oe

457 2775 648 2882 copiosos
666 2775 727 2856 sis
748 2775 793 2856 iri
815 2772 965 2855 uerbis
994 2773 1111 2854 Laus
1141 2784 1289 2854 nostra
1310 2771 1367 2854 sit
1390 2771 1432 2852 in
1458 2771 1563 2871 De0,
1588 2798 1675 2852 non
1697 2798 1722 2851 a
1744 2798 1817 2852 no-

459 2914 552 2996 bis:
577 2913 679 3023 quia
701 2913 927 2994 laudantes
964 2939 1009 2992 se
1045 2911 1137 2993 odit
1175 2912 1307 2994 Deus.
1347 2909 1669 2994 Testimonium
1693 2906 1818 2990 nobis

458 3079 635 3162 operum
659 3049 872 3132 bonorum
912 3061 1159 3132 nostrorum
1197 3049 1323 3132 detur
1356 3049 1411 3130 ab
1445 3049 1554 3149 aliis,
1579 3074 1666 3157 quo
1689 3043 1818 3127 modo
1928 3115 1929 3118 .

465 3193 615 3274 datum
630 3203 696 3272 est
713 3187 965 3299 parentibus
983 3188 1144 3270 nostris
1168 3188 1305 3270 iustis.
1327 3186 1572 3270 Petulantia
1587 3197 1629 3267 et
1645 3184 1820 3266 audatia

409 3367 440 3402 20
462 3342 503 3410 et
520 3327 781 3411 contumelia
797 3339 839 3410 et
855 3327 1074 3409 temeritas
1090 3327 1329 3410 maledictis
1345 3356 1371 3408 a
1389 3327 1500 3426 Deo;
1521 3351 1618 3406 nam
1635 3323 1819 3414 clemen,-

462 3467 521 3548 tia
548 3478 589 3548 et
621 3465 844 3558 humilitas
870 3476 911 3546 et
940 3464 1229 3548 mansuetudo
1256 3463 1370 3575 apud
1393 3462 1641 3546 benedictos
1661 3491 1687 3544 a
1710 3463 1814 3544 Deo

520 3604 693 3686 XXXI.
722 3605 966 3686 Hereamus
987 3631 1089 3714 ergo
1110 3603 1397 3687 benedictioni
1418 3603 1513 3704 Dei,
1532 3614 1573 3685 et
1591 3600 1818 3684 uideamus

500 3814 527 3866 4.
543 3790 655 3872 sancta]
683 3794 728 3852 lta
749 3794 838 3853 codd.
858 3794 953 3853 Const
979 3805 1006 3851 et
1030 3794 1113 3868 Syr.;
1209 3809 1252 3868 15.
1264 3789 1355 3872 potet]
1372 3791 1423 3869 (=
1438 3788 1534 3866 putet)
1549 3787 1651 3864 scripsi
1666 3789 1746 3846 iuxta
1766 3789 1815 3848 Gr.

460 3876 618 3935 Alexandr.
636 3893 705 3933 vero
719 3879 736 3905 “
751 3873 844 3934 sancti
856 3875 879 3933 ''.
1165 3872 1256 3931 οἴεται.
1273 3875 1348 3934 Cod.
1369 3877 1386 3905 “
1401 3884 1499 3950 potest
1513 3874 1536 3930 ''.

501 3975 525 4033 5.
554 3953 724 4036 imitandas]
755 3954 906 4015 connectit
930 3958 997 4014 cod.
1029 3957 1111 4014 Alex.
1206 3952 1347 4035 mulieris]
1365 3959 1382 3985 “
1397 3953 1493 4014 brevis
1508 3952 1585 4012 vitae
1600 3954 1614 3981 '’
1630 3951 1698 4010 add.
1716 3952 1765 4011 Gr.

459 4058 528 4098 cunr
542 4041 707 4110 συμπλοκάς,
721 4038 873 4113 amplexus
885 4058 893 4110 3
904 4037 992 4096 codd.
1007 4038 1110 4098 Const.
1209 4040 1251 4094 18.
1269 4034 1364 4116 detur]
1381 4035 1443 4112 (Gr.
1461 4032 1585 4111 διδόσθω)
1607 4033 1734 4092 scribere
1758 4053 1817 4092 non

460 4132 489 4181 et
505 4122 565 4196 Syr.
582 4138 651 4178 curn
669 4118 900 4178 “detractiones
916 4121 938 4178 ''.
1165 4117 1308 4191 dubitavi,
1333 4119 1402 4177 licet
1428 4117 1457 4176 in
1480 4117 1587 4178 codice
1606 4118 1719 4192 legatur
1736 4118 1753 4146 ‘⁶
1780 4116 1818 4175 de

502 4205 527 4260 6.
545 4197 651 4280 orienes]
667 4220 726 4261 om.
744 4202 793 4260 Gr.
1165 4219 1235 4258 cura
1249 4198 1273 4258 ’'.

502 4287 528 4341 8.
545 4280 640 4362 Deus]
658 4286 675 4313 “
690 4281 785 4358 inquit
800 4283 815 4308 '¹
830 4281 897 4342 add.
916 4283 967 4342 Gr.
1210 4302 1253 4357 19.
1283 4282 1455 4339 Petulantia
1551 4274 1708 4356 ramentas]
1748 4277 1819 4336 Tria

503 4385 529 4440 9.
547 4361 629 4443 nam]
652 4393 676 4411 =
710 4366 726 4393 “
752 4374 852 4422 autern
867 4365 890 4435 ’',
915 4373 1001 4440 prout
1026 4383 1114 4440 supra
1165 4372 1281 4422 tautum
1294 4362 1323 4420 in
1337 4361 1460 4422 Gr.vitia
1479 4371 1707 4422 enumerantur:
1724 4362 1820 4434 θράσος

464 4467 523 4506 non
539 4448 631 4504 semel
647 4444 794 4504 adnotavi.
1167 4447 1344 4503 autoritatem
1354 4447 1504 4515 κκὶτόλμα.

507 4549 549 4585 11.
567 4528 603 4586 ab
617 4527 747 4584 oinm'bus
761 4524 859 4606 ruatis]
875 4546 932 4586 orn.
950 4528 1000 4587 Gr.
1208 4546 1253 4585 20.
1271 4522 1353 4604 nam]
1377 4553 1401 4572 =
1423 4535 1532 4584 autem.

508 4612 601 4685 13-16.
621 4608 677 4666 lob
696 4628 741 4680 11,
759 4628 813 4684 ²·3·
1206 4627 1225 4664 a
1240 4604 1316 4686 Deo]
1332 4625 1381 4664 om
1398 4608 1465 4666 cod.
1483 4607 1586 4668 Const.

507 4712 549 4763 14.
567 4687 705 4768 econtra]
729 4709 782 4768 pro
799 4693 817 4721 “
841 4700 870 4748 et
892 4701 995 4749 contra
1010 4691 1048 4750 '’?
1062 4691 1111 4750 Gr.
1209 4709 1253 4750 22.
1270 4683 1342 4766 Dei]
1358 4689 1407 4748 Gr.
1426 4692 1444 4720 “
1459 4689 1521 4747 eius
1533 4689 1557 4748 ''.

461 4773 711 4832 καὶάντακούσεται.
