4146 5578
462 483 575 582 xum]
891 505 1047 568 vausro
1069 505 1387 580 nu11ov1ssmn.
1480 577 1484 580 ,
1763 513 1816 597 45
1891 515 1895 519 ’

461 721 653 808 thiorum
695 721 804 836 lfoI.
831 723 940 838 114]
977 727 1202 812 aeclesiam
1239 739 1411 840 propter
1433 755 1564 812 unam
1605 727 1672 812 uel
1707 727 1816 814 duas

462 888 669 974 personas
690 865 946 950 contendere
962 877 1111 951 contra
1127 867 1328 952 seniores,
1352 867 1410 952 Et
1432 867 1524 952 haec
1543 867 1711 952 auditio
1728 890 1814 952 non·

462 1011 632 1086 tantum
655 1003 697 1085 in
721 1003 847 1087 nobis
869 1005 1024 1116 capuit,
1049 1004 1123 1088 sed
1153 1018 1194 1089 et
1217 1006 1260 1088 in
1282 1005 1548 1118 alienigenas
1569 1009 1644 1118 qui
1668 1021 1816 1092 sunta

462 1138 599 1260 nobis,
617 1140 676 1224 ita
697 1153 747 1225 ut
765 1153 807 1225 et
829 1142 1143 1253 blasphemiam
1166 1145 1310 1227 Inferri
1334 1147 1499 1230 nomini
1521 1148 1701 1231 Domini
1720 1177 1816 1261 pro-

428 1310 441 1364 5
462 1290 555 1387 pter
576 1292 764 1364 uestram
787 1281 1035 1381 stulticiam,
1059 1282 1271 1393 uobisque
1302 1285 1538 1396 periculum
1569 1287 1812 1374 immittere.

519 1401 734 1502 XLVIII.
754 1419 982 1503 Tollamus
1003 1421 1136 1532 igitur
1157 1421 1236 1504 hoc
1257 1449 1387 1532 quam
1406 1426 1635 1526 celerrime,
1658 1440 1700 1510 et
1721 1417 1817 1537 pro-

461 1555 656 1638 cidamus
681 1558 873 1644 Domino
887 1571 928 1640 et
950 1559 1130 1642 fleamus
1153 1573 1374 1669 precantes
1388 1588 1499 1663 eum,
1524 1577 1571 1645 ut
1593 1564 1667 1646 fiat
1689 1564 1816 1648 nobis
1869 1598 1873 1607 ·

461 1693 678 1804 propicius
699 1710 886 1806 et'super
903 1697 1132 1779 innocuam
1151 1697 1430 1782 fraternitatis
1444 1713 1485 1783 et
1506 1713 1667 1784 castam
1690 1702 1816 1785 disci-

460 1832 624 1941 plinam
646 1833 830 1918 deducat
848 1860 937 1917 nos,
961 1837 1094 1934 Porta,
1110 1835 1225 1918 enim
1244 1837 1426 1922 iusticiae
1449 1840 1492 1920 in
1515 1839 1648 1922 uitam
1670 1853 1816 1950 aperta
1882 1935 1884 1939 ,

414 1960 443 2046 1'0
460 1983 536 2071 est,
575 1972 687 2056 sicut
709 1973 917 2082 scripturn
951 1985 1033 2056 est:
1068 1975 1260 2084 Aperite
1280 1977 1393 2059 mz‘lrr'
1413 1982 1573 2087 portos
1602 1978 1817 2072 iusticia:

460 2111 680 2219 ingressus
700 2111 745 2193 in
766 2139 840 2196 eas
859 2113 1089 2222 confitebor
1110 2114 1303 2212 ,Domino
1318 2145 1332 2196 .·
1351 2116 1442 2198 laec
1464 2120 1601 2224 porta
1623 2116 1813 2214 Domini,

460 2249 572 2331 insti
590 2250 821 2332 innabant
843 2251 888 2333 ia
909 2278 969 2333 eo.
999 2251 1239 2334 Multarum
1263 2253 1396 2363 igitur
1418 2267 1637 2363 portarum
1669 2264 1817 2363 paten-

461 2388 583 2492 tIum,
607 2388 661 2471 ad
684 2387 901 2471 iusticiam
924 2388 1026 2472 haec
1046 2402 1112 2472 est
1133 2417 1232 2501 quae
1255 2391 1298 2472 in
1332 2391 1506 2501 Xpisto,
1530 2393 1573 2473 in
1595 2420 1682 2503 qua
1703 2392 1815 2475 beati

460 2556 612 2613 omnes
648 2529 722 2639 qui
765 2527 1046 2630 intrauerunt,
1089 2541 1131 2612 et
1169 2529 1417 2613 direxerunt
1458 2529 1611 2613 itinera
1651 2557 1732 2613 sua
1772 2530 1815 2612 in

414 2693 443 2748 15
462 2667 633 2751 iusticia
653 2678 695 2750 et
722 2669 929 2768 castitate,
954 2667 1047 2750 sine
1069 2667 1313 2751 turbatione
1334 2669 1481 2753 omnia
1511 2697 1817 2754 consumman-

461 2821 536 2892 tes.
566 2809 636 2894 Sit
656 2807 816 2919 aliquis
845 2805 997 2906 fidelis,
1023 2807 1079 2889 sit
1115 2819 1268 2918 potens
1305 2807 1530 2891 scientiam
1561 2809 1735 2910 edicere,
1760 2809 1817 2892 sit

461 2949 634 3060 sapiens
667 2949 711 3031 in
746 2946 906 3034 iudicio
937 2945 1179 3048 uerborum,
1203 2947 1259 3029 sit
1281 2945 1479 3060 pudicus
1517 2947 1559 3030 in
1588 2948 1813 3059 operibus:

503 3229 527 3268 2.
544 3204 605 3289 Et]
628 3205 729 3284 scripsi
756 3205 846 3267 iux'ta.
866 3208 916 3268 Gr.
944 3208 993 3265 Kal
1002 3228 1010 3281 ;
1035 3207 1110 3268 Cod.
1205 3226 1231 3282 9.
1260 3208 1382 3268 deducat
1408 3210 1473 3287 lege
1503 3212 1521 3242 “
1544 3209 1667 3270 reducat
1688 3208 1705 3236 ”
1721 3229 1729 3281 ;
1764 3209 1813 3268 Gr.

462 3293 480 3322 ‘⁶
494 3291 548 3351 sed
558 3292 583 3364 ”‚
595 3299 716 3366 propter
732 3287 867 3348 ultimam
883 3290 1011 3349 litteram
1028 3308 1112 3364 voca·
1164 3290 1381 3369 ἀποκαταστήσῃ.
1409 3291 1512 3351 Habes
1528 3289 1601 3350 inira
1612 3293 1626 3366 ἕ
1638 3308 1672 3368 51
1693 3293 1710 3322 “
1726 3288 1817 3351 refici-

460 3371 523 3432 buli
539 3369 751 3448 praecedentis.
771 3372 818 3430 De
832 3378 846 3428 t
860 3371 889 3429 ln
903 3371 926 3429 d
938 3379 1054 3430 mutato
1073 3372 1109 3431 cl.
1164 3390 1230 3430 mus
1242 3371 1258 3398 '’
1274 3390 1327 3448 pro
1343 3377 1361 3404 “
1376 3373 1533 3432 deficimus
1548 3375 1571 3432 ''.

460 3454 561 3514 adnot.
588 3451 651 3512 crit.
678 3471 705 3528 p.
722 3471 769 3524 44,
787 3453 803 3512 l.
825 3470 868 3530 15.
1209 3473 1251 3512 10.
1267 3450 1471 3534 scriptumest]
1487 3457 1533 3514 Ps.
1555 3473 1618 3528 117,
1639 3473 1733 3530 19·2o.
1805 3465 1810 3469 ’

502 3557 527 3611 3.
545 3531 657 3614 capuit]
680 3562 705 3582 =
734 3537 750 3565 “
765 3533 874 3610 capivit
898 3536 921 3606 ’'‚
946 3535 1111 3611 perfectum
1208 3554 1251 3592 12.
1268 3536 1438 3593 Multarum
1464 3537 1482 3594 i.
1506 3547 1536 3612 p.
1556 3532 1733 3614 patentium]
1760 3536 1816 3594 Ge-

460 3615 541 3677 verbi
558 3620 575 3648 “
590 3634 715 3690 capesso
729 3617 752 3675 '’.
1165 3614 1280 3675 netivus
1295 3615 1459 3689 absolutus,
1477 3629 1508 3675 ut
1523 3637 1611 3693 supra
1628 3637 1655 3694 p.
1670 3637 1718 3689 40,
1733 3617 1748 3675 l.
1771 3635 1813 3688 14.

501 3699 532 3757 in
547 3697 724 3774 alienigenas
737 3698 872 3773 quisunt
884 3717 904 3754 a
918 3695 1010 3778 nobt‘s]
1023 3727 1047 3746 =
1060 3717 1112 3758 eos
1208 3717 1250 3773 13.
1281 3698 1324 3756 ad
1346 3695 1501 3778 rusticium]
1526 3701 1613 3769 Haec
1636 3697 1724 3758 verba
1746 3716 1814 3756 cum

460 3779 512 3858 qui
526 3790 595 3840 sunt
609 3777 794 3854 alienigenae
808 3797 826 3836 a
841 3778 935 3838 nobis.
1163 3778 1358 3855 sequentibus
1386 3779 1598 3856 coniungenda
1623 3799 1688 3839 esse
1712 3778 1815 3838 censui

501 3881 527 3933 4.
545 3863 588 3919 ita
598 3868 667 3919 ut...
680 3857 801 3939 inferri]
815 3861 927 3920 Iterum
937 3851 1123 3920 coniunctio'
1163 3859 1243 3918 iuxta
1252 3866 1417 3936 graecuml
1432 3862 1457 3919 ἐν
1470 3865 1629 3940 δικαιοσύνῃ,
1641 3879 1814 3938 quanquam

364 3954 366 3963 ’
463 3945 554 4002 “ut''
575 3962 644 4002 cunr
664 3939 819 4012 infinitivo,
843 3952 874 4001 ut
894 3961 982 4018 supra
1007 3961 1034 4018 p.
1063 3963 1110 4018 43,
1163 3940 1193 3999 in
1228 3941 1335 4002 codice
1364 3941 1526 4018 iunguntur
1561 3962 1629 4001 cum
1659 3941 1815 4020 participio

445 4025 478 4083 l.
498 4042 531 4098 7.
1165 4025 1183 4054 “
1198 4022 1364 4098 patentium
1380 4025 1403 4082 ”.
1421 4025 1571 4100 Interpres
1587 4035 1687 4083 noster
1711 4022 1816 4082 articu-

503 4123 527 4180 7.
546 4113 579 4164 ut
587 4102 901 4186 fiatnobr'sprcpt'cr'us]
918 4107 967 4165 Gr.
981 4103 1111 4182 plenior:
1162 4105 1225 4162 lum
1250 4105 1374 4164 fortasse
1389 4124 1449 4164 non
1471 4104 1597 4182 legebat,
1621 4105 1816 4181 quemadmo-

461 4191 479 4219 “
499 4199 531 4246 ut
555 4185 699 4264 propitius
717 4188 812 4246 factus
831 4185 1039 4247 reconcilietur
1061 4207 1112 4246 no·
1163 4186 1235 4244 dum
1247 4203 1302 4244 nec
1313 4186 1452 4246 Clemens
1462 4185 1825 4247 Aleramirinusineditt.¹

460 4266 505 4327 bis
520 4269 542 4328 ’'.
1162 4267 1300 4326 Strornat.
1317 4267 1341 4339 1,
1357 4283 1381 4340 7.

501 4352 527 4409 8.
532 4347 749 4429 fraternitatis]
766 4349 810 4409 Cl.
824 4369 850 4426 p.
864 4369 912 4422 44,
926 4351 943 4409 l.
963 4352 1007 4408 16.
1195 4345 1814 4427 14.dt'rexerunt]scripsi.Gr.aaarutldvovce<.

500 4440 528 4490 et
553 4429 675 4511 castarte]
702 4434 794 4492 Deest
819 4430 849 4490 in
879 4433 929 4491 Gr.
954 4429 1110 4490 codicibus
1163 4430 1269 4490 Codex
1288 4449 1299 4487 1
1318 4448 1356 4488 m.
1376 4433 1394 4462 “
1409 4428 1547 4488 dixerunt
1561 4432 1586 4502 '’,
1612 4431 1695 4506 quod
1712 4441 1816 4507 postea

460 4511 603 4589 particula
621 4517 637 4544 “
659 4527 688 4573 et
704 4515 719 4540 ”
730 4534 738 4586 ;
762 4512 886 4572 habetur
907 4531 976 4571 cum
997 4513 1027 4570 in
1053 4532 1114 4571 ver·
1166 4521 1313 4569 mutatum
1327 4521 1371 4570 est
1385 4509 1413 4568 in
1432 4515 1450 4542 “
1465 4511 1613 4570 duxerunt
1628 4513 1652 4570 '’.

461 4593 544 4654 sione
566 4596 626 4670 Syr.
644 4605 707 4652 tum
729 4595 811 4670 apud
835 4595 1021 4656 Clementem
1045 4595 1113 4652 Ale·
1211 4595 1252 4650 16.
1290 4593 1436 4652 rcr'entiam
1472 4591 1586 4674 edicere]
1621 4595 1693 4652 Erat
1732 4591 1813 4671 prius

461 4675 764 4747 xandrinumStrom.
780 4677 832 4748 IV,
848 4692 891 4749 17,
906 4694 1001 4752 eaque
1013 4675 1113 4735 lectio·
1167 4677 1184 4704 “
1195 4672 1320 4733 scientia
1331 4693 1378 4733 me
1388 4673 1488 4734 dicere
1498 4676 1520 4733 ''.

462 4773 531 4815 nem
566 4756 729 4816 faciliorem
765 4757 827 4816 fieri
862 4755 921 4815 iarn
957 4758 1111 4817 adnotavit
1209 4773 1247 4829 11·
1274 4752 1417 4834 opert'bus]
1445 4757 1519 4816 Cod.
1548 4756 1693 4833 “opibus
1715 4757 1737 4815 ''.
1767 4757 1811 4816 Cf.

462 4836 615 4914 Lightloot
632 4839 674 4910 11,
693 4855 757 4914 145.
1162 4837 1264 4898 adnot.
1281 4836 1344 4896 crit.
1362 4839 1401 4896 ad
1417 4857 1445 4914 p.
1468 4857 1493 4911 2,
1507 4839 1524 4896 l.
1538 4855 1565 4913 5.
