4146 5578
406 458 462 545 54
829 455 1075 518 CLEMENTIS
1098 457 1331 517 EPISTVLAE
1694 451 1761 538 [er

407 690 614 792 precepta,
638 669 706 759 hic
726 687 904 759 ornatus
926 675 1006 758 erit
1036 686 1077 760 et
1099 674 1332 788 deputatus
1354 679 1398 762 in
1421 708 1600 764 numero
1622 678 1762 786 salua-

408 831 550 904 torum
572 817 769 930 gentium
791 841 865 926 per
888 815 1123 925 Xpistum:
1148 843 1363 929 perquem
1385 831 1450 902 est
1476 819 1536 901 illi
1558 819 1696 932 gloria
1717 818 1760 901 in

409 957 567 1042 saecula
588 955 856 1039 saeculorum.
881 955 1035 1037 Amen.
1261 957 1264 962 ’

468 1095 585 1178 LIX.
613 1093 661 1177 Si
683 1103 828 1174 autem
865 1092 1043 1203 quidam
1065 1093 1262 1179 diffident
1294 1094 1483 1207 hisquae
1512 1097 1662 1179 abillo
1691 1125 1765 1208 per

373 1225 378 1236 ’
409 1264 489 1318 nos
509 1235 754 1332 dictasunt,
774 1233 911 1314 sciant
927 1233 1045 1342 quod
1060 1233 1216 1316 delicto
1232 1246 1273 1317 et
1290 1232 1479 1344 periculo
1494 1264 1578 1318 non
1594 1236 1764 1321 modico
1800 1263 1813 1316 s

409 1403 454 1457 se
476 1372 655 1456 tradent.
683 1372 778 1454 Nos
800 1398 902 1454 uero
938 1371 1372 1455 innocenteserimus
1393 1374 1447 1455 ab
1478 1371 1761 1486 hoc'pec‘catO,

408 1525 449 1594 et
471 1510 790 1623 postulauimus
813 1509 1048 1591 instantem
1082 1510 1338 1618 peticionem
1360 1523 1401 1594 et
1423 1514 1764 1598 obsecrationem

409 1652 623 1750 facientes
666 1649 848 1760 qualiter
885 1675 1113 1732 numerum
1155 1648 1409 1760 deputatum
1449 1653 1681 1736 electorum
1720 1656 1763 1736 in

410 1791 614 1872 uniuerso
629 1786 793 1870 mundo
806 1787 1022 1870 custodiat
1045 1789 1262 1899 integrum
1277 1803 1439 1872 creator
1461 1791 1763 1874 uniuersorum

410 1957 484 2040 per
504 1927 836 2012 dilectissimum
860 1928 998 2010 lilium
1021 1955 1149 2011 suum
1175 1928 1351 2011 ihesum
1375 1929 1583 2040 Xpistum
1613 1933 1818 2014 Domi-10

412 2095 517 2151 num
554 2079 763 2166 nostrum,
801 2094 876 2176 per
908 2094 1036 2176 quem
1072 2067 1245 2150 uocauit
1286 2096 1365 2150 nos
1398 2069 1451 2151 de
1487 2069 1674 2152 tenebris
1710 2071 1764 2153 ad

411 2210 561 2308 lucem,
585 2208 637 2290 de
674 2207 919 2317 ignorantia
953 2207 1007 2290 ad
1030 2207 1254 2290 scientiam
1287 2207 1438 2318 gloriae
1472 2209 1662 2293 nominis
1684 2210 1763 2312 sui,

411 2376 579 2459 sperare
612 2347 654 2428 in
677 2346 910 2458 principale
933 2347 1068 2430 totius
1090 2359 1295 2430 creaturae
1321 2374 1645 2448 nomen-suum,
1669 2375 1766 2459 ape-

412 2489 526 2570 riens
559 2485 706 2569 oculos
739 2484 882 2568 cordis
916 2486 1064 2586 nostri,
1091 2497 1137 2567 ut
1172 2513 1530 2596 cognosceremus
1561 2497 1601 2568 te
1623 2485 1764 2568 solum

402 2627 626 2736 ¹excelsum
649 2626 692 2707 in
718 2624 908 2725 excelsis
934 2637 1132 2708 sanctum
1156 2625 1199 2706 in
1222 2625 1383 2707 sanctis
1411 2626 1764 2734 requiescentem,
1790 2649 1818 2703 15

412 2767 486 2878 qui
529 2767 733 2848 humilias
774 2765 1058 2847 contumelias
1089 2763 1393 2874 superborum,
1435 2755 1510 2875 riui
1552 2766 1767 2851 dissolues

412 2893 695 3017 cogitationes
730 2903 940 3016 gentium,
978 2903 1052 3014 qui
1095 2903 1199 2986 sacis
1235 2902 1398 2986 humile
1434 2903 1477 2984 in
1513 2906 1691 2990 excelsis
1727 2919 1769 2991 et

414 3045 618 3129 humilias
643 3044 864 3146 exaltatos
888 3043 962 3155 qui
999 3043 1181 3126 diuitem
1215 3056 1256 3126 et
1289 3072 1519 3155 pauperem
1554 3047 1669 3146 facis
1694 3047 1767 3157 qui

414 3185 617 3268 interficis
639 3197 679 3268 et
701 3184 844 3269 saluas
866 3195 907 3266 et
938 3182 1147 3284 uiuificas,
1172 3183 1291 3266 solus
1315 3184 1515 3268 inuentor
1537 3186 1768 3295 spirituum

458 3416 481 3455 1.
501 3390 635 3474 ornatus]
657 3392 747 3454 verbo
777 3395 917 3470 ἐλλόγιμος
946 3410 1065 3468 respon·
1116 3413 1136 3453 s.
1155 3395 1243 3468 Syrus
1263 3403 1362 3452 autem
1379 3392 1553 3469 aliquandiu
1579 3395 1609 3451 in
1636 3393 1770 3454 oratione

414 3478 484 3538 dere
499 3476 623 3546 videtur,
637 3486 669 3533 ut
684 3493 770 3551 supra
787 3494 813 3550 p.
832 3493 879 3546 41,
897 3475 913 3532 l.
930 3475 974 3533 18.
1116 3473 1239 3550 obliqua
1255 3487 1429 3550 perseverat.

457 3580 481 3618 2.
506 3553 650 3636 gentiunt]
680 3556 725 3630 (=
750 3558 766 3586 “
790 3554 946 3613 hominum
976 3553 999 3614 ”.
1018 3556 1063 3614 Cs.
1161 3559 1203 3614 16.
1222 3553 1417 3635 corilumeliat]
1445 3557 1495 3615 Gr.
1513 3561 1595 3633 ὕβριν.
1616 3555 1771 3617 Litteraes

415 3641 567 3711 Roensch‚
584 3641 620 3697 It.
638 3649 667 3697 et
681 3638 768 3712 Vulg.
791 3657 817 3712 p.
836 3635 907 3713 329)
936 3655 995 3695 om.
1013 3637 1064 3695 Gr.
1117 3636 1147 3695 in
1163 3637 1222 3696 fine
1233 3656 1385 3712 perperam
1398 3639 1556 3697 addendae
1571 3657 1674 3697 ansam
1692 3658 1772 3715 prae-

457 3739 481 3796 7.
508 3715 736 3798 postulam'nms]
766 3719 831 3793 lege
861 3721 878 3748 “
906 3716 1066 3793 postulabi-
1117 3716 1217 3778 buisse
1242 3717 1358 3782 videtur
1385 3719 1517 3794 proxime
1539 3739 1667 3795 sequens
1688 3740 1771 3778 voca·

414 3823 480 3862 mus
495 3805 518 3862 '’.
1117 3799 1230 3870 bulum,
1248 3801 1329 3874 quod
1345 3800 1382 3859 ab
1398 3801 1504 3860 eadem
1517 3799 1613 3860 littera
1628 3800 1738 3877 incipit.

456 3889 481 3945 8.
498 3886 645 3944 electorum
677 3885 694 3913 “
705 3899 826 3939 snorum
842 3881 857 3908 '²
868 3880 937 3939 add.
949 3881 999 3939 Gr.
1157 3877 1305 3961 dissolues]
1328 3910 1352 3929 =
1375 3881 1520 3942 dissolvis.

456 3988 482 4044 9.
498 3967 642 4043 integrum
669 3967 686 3996 “
703 3965 786 4022 Deus
801 3963 816 3990 ''
831 3963 899 4021 add.
917 3963 978 4038 Syr.
1163 3980 1206 4036 17.
1250 3961 1370 4044 lauritile]
1414 3965 1464 4023 Gr.
1502 3961 1606 4040 plurali
1647 3983 1771 4024 numero

458 4070 502 4108 10.
520 4049 684 4106 Donzinum
707 4039 849 4123 nostrum]
871 4063 940 4104 cum
965 4054 1066 4102 nostro
1117 4046 1264 4109 ταπεινούς.

414 4131 483 4191 add.
494 4131 583 4206 Syrus
594 4151 602 4202 ;
618 4131 667 4188 Gr.
686 4146 755 4186 vero
771 4124 888 4184 omittit.
1163 4143 1207 4200 19.
1232 4131 1259 4181 et
1272 4125 1381 4184 'saluas
1405 4133 1432 4182 et
1460 4121 1604 4206 ur'uificas]
1636 4125 1672 4183 In
1700 4125 1767 4184 cod.

459 4232 503 4288 13.
519 4207 646 4291 sperare]
663 4208 761 4267 Verba
777 4211 795 4238 “
812 4208 860 4266 Da
885 4206 979 4279 nobis,
1008 4209 1066 4264 Do·
1119 4205 1306 4267 Constantio.
1324 4206 1461 4264 ultimum
1485 4206 1557 4264 illud
1581 4207 1772 4264 solummodo

415 4293 496 4352 mine
506 4295 520 4320 '’
537 4291 702 4368 Bryennius
717 4301 746 4349 et
764 4287 915 4364 Lightfoot
931 4289 1067 4365 praemit-
1119 4287 1225 4363 legitur
1243 4292 1288 4346 καὶ
1301 4295 1347 4358 ζῆν
1359 4297 1495 4346 ποιοῦντα.
1512 4286 1648 4363 Syriacus
1671 4299 1771 4346 tamen

415 4367 506 4436 tenda
520 4392 585 4432 esse
600 4381 785 4442 censuerant,
807 4371 887 4428 nulla
903 4390 972 4430 mss.
987 4370 1068 4429 codi-
1119 4371 1179 4426 fere
1201 4387 1270 4426 cum
1298 4366 1404 4425 Latino
1427 4367 1596 4428 consentit:
1619 4368 1772 4428 “redimit

415 4475 483 4515 cum
499 4453 674 4513 auctoritate
689 4452 761 4512 fulti.
1119 4461 1148 4508 et
1164 4447 1290 4507 vivificat
1302 4450 1325 4506 ''.

456 4532 553 4615 suum]
579 4539 596 4567 “
613 4547 696 4594 tuum
717 4535 732 4560 ''
758 4535 899 4605 Graecus,
923 4533 973 4608 qui
998 4532 1067 4590 hinc
1160 4527 1474 4611 t'rzuentorspiriluum]
1488 4532 1567 4608 Ergo
1578 4536 1685 4610 εὑρετήν
1701 4531 1773 4608 pari·

416 4617 473 4677 iam
497 4615 599 4676 transit
618 4617 656 4675 ad
679 4614 844 4675 orationem
860 4625 979 4674 rectam.
998 4617 1066 4672 For·
1120 4624 1164 4672 ter
1179 4631 1248 4669 cum
1264 4612 1337 4687 Syro
1350 4622 1449 4670 noster
1475 4613 1591 4688 legebat
1617 4613 1770 4690 interpres.

416 4710 494 4759 tasse
505 4698 545 4757 ita
557 4717 677 4772 quoque
691 4696 815 4755 Latinus
827 4695 983 4772 interpres:
997 4715 1066 4754 nam
1119 4693 1195 4754 Cod.
1210 4693 1314 4753 Const.
1338 4691 1502 4768 planiorem
1519 4694 1678 4754 lectionem
1695 4693 1772 4754 exhi-

417 4801 452 4840 ex
467 4779 562 4840 littera
581 4778 699 4837 tlacilis
712 4779 811 4853 lapsus
826 4788 870 4836 est
885 4777 924 4836 ad
940 4776 1067 4836 litteram
1120 4775 1169 4834 be't
1186 4773 1335 4850 εὐεργέτην.
