4146 5578
433 463 523 548 tvm]
862 467 1017 530 VERSIO
1041 469 1360 545 ANTIQVISSIMA.
1736 471 1789 560 53

421 688 665 800 faciebatis
685 715 779 774 ntea
800 691 992 792 consilia,
1016 691 1122 776 neeis
1152 696 1299 776 antenr
1321 691 1687 802 increpationibus
1706 719 1788 778 non

432 829 731 914 intendebatis.
775 833 934 940 ltaqne
972 836 1016 914 et
1054 858 1127 941 ego
1167 836 1323 914 nestra
1353 831 1600 940 perditioni
1628 831 1786 934 ridebo,

425 968 691 1079 gratnlabor
722 975 872 1053 antone
907 970 1142 1052 adnersnrn
1178 997 1253 1067 ocos
1283 997 1380 1052 canc
1415 970 1645 1054 adnenerit
1672 971 1790 1056 nobis

429 1111 570 1194 sabito
592 1110 821 1212 tnrnnltns,
845 1111 1009 1194 eaersio
1029 1116 1174 1193 anteon
1196 1109 1355 1192 sincilis
1366 1109 1567 1220 procella
1594 1135 1691 1192 carn
1712 1109 1790 1192 aa'-

399 1250 609 1350 snenerit,
633 1253 715 1331 ant
734 1275 832 1332 carn
865 1248 1034 1332 nencrit
1069 1249 1187 1332 nobis
1222 1247 1449 1330 tribalatio
1469 1253 1513 1329 et
1532 1247 1785 1356 captinitas.
1826 1252 1831 1261 '

431 1391 479 1472 E
480 1389 677 1475 ritenirn
698 1415 796 1471 canc
817 1415 884 1470 rne
904 1388 1173 1487 r‘rcnocabc'tc's,
1189 1415 1263 1497 ego
1278 1393 1426 1470 antern
1447 1411 1529 1468 non
1550 1386 1789 1470 enaaaiarn

433 1557 527 1626 nos,·
547 1533 729 1637 qaerent
748 1555 815 1610 rne
835 1527 955 1634 rnabi,
992 1531 1035 1610 et
1055 1555 1137 1610 non
1174 1527 1405 1612 inaenient.
1447 1526 1646 1608 Octernrct
1675 1524 1789 1607 enirn

432 1668 711 1778 sapientiam,
735 1666 934 1748 tincorern
955 1693 1055 1748 aero
1075 1665 1351 1749 Darnininon
1367 1670 1471 1746 sient
1488 1662 1634 1762 secati,
1658 1689 1791 1769 neque

435 1806 667 1888 traiecerant
697 1804 804 1888 racis
837 1804 1029 1888 consibiis
1068 1803 1310 1899 intendere·
1343 1807 1603 1911 sprcnernnt
1641 1806 1789 1884 anteon

386 1984 416 2022 10
433 1970 552 2026 necas
571 1941 895 2050 increpationes.
919 1943 1079 2050 ltaqnc
1093 1941 1220 2024 ederet
1232 1943 1316 2022 nia
1331 1968 1421 2022 sace
1431 1939 1628 2048 fractas,
1651 1945 1694 2022 ct
1708 1967 1790 2022 sna

434 2080 660 2189 irnpietatc
678 2080 1012 2162 satnrabnntnr.
1037 2079 1257 2186 anniarn
1273 2077 1479 2160 nocebant
1488 2078 1712 2186 parantis
1725 2078 1790 2162 in-

435 2219 715 2327 terficicntnr,
744 2223 788 2300 et
819 2218 1104 2327 interrogatio
1126 2217 1279 2326 irnpios
1289 2213 1456 2324 perdet.
1480 2216 1573 2321 Qni
1590 2216 1705 2298 enirn
1725 2243 1792 2299 rae

434 2358 573 2459 antiit,
607 2357 833 2443 babitanit
872 2358 918 2440 in
953 2361 1026 2466 spe
1057 2356 1282 2466 confidens
1324 2359 1367 2436 et
1399 2353 1544 2438 silebit
1577 2383 1605 2438 a
1638 2355 1791 2440 tirnore

435 2496 742 2606 malignitatis.
1169 2488 1170 2492 '

387 2665 415 2721 1s
494 2637 661 2720 LVIII.
688 2633 990 2718 Obaudiamus
1025 2662 1128 2748 ergo
1157 2649 1305 2722 sancto
1333 2650 1374 2722 et
1400 2637 1592 2750 glorioso
1624 2632 1788 2718 nomini

436 2774 541 2875 eius
580 2772 796 2884 fugientes
854 2771 955 2883 lfol.
1002 2771 1111 2884 116!
1167 2774 1380 2885 predictas
1422 2803 1495 2885 per
1535 2773 1789 2883 sapientiam

437 2911 668 2998 incredulis
718 2914 1089 3015 comminationes,
1138 2927 1185 2998 ut
1235 2914 1481 3000 habitemus
1527 2912 1792 2998 confidentes

436 3080 567 3164 supra
588 3063 785 3135 sanctum
808 3052 991 3138 iusticiae
1013 3073 1169 3138 nomen
1192 3054 1295 3138 eius.
1324 3053 1540 3163 Suscipite
1561 3051 1790 3136 consilium

437 3204 647 3292 nostrum,
664 3203 706 3274 et
727 3191 807 3274 erit
829 3191 955 3274 uobis
972 3192 1066 3276 sine
1088 3192 1361 3303 poenitentia.
1382 3192 1510 3278 Uiuit
1531 3191 1646 3278 enim
1671 3191 1792 3274 Deus
1829 3228 1830 3232 Ν
1903 3280 1906 3287 ,

387 3341 478 3413 20et
502 3328 722 3410 Dominus
748 3328 901 3412 lhesus
933 3330 1120 3440 Xpistus
1151 3344 1192 3412 et
1230 3331 1421 3440 Spiritus
1458 3342 1645 3430 sanctus,
1685 3328 1791 3411 fides

425 3496 611 3580 quoque
647 3481 688 3551 et
729 3495 827 3577 spes
861 3469 1104 3569 electorum,
1148 3469 1354 3579 quoniam
1395 3469 1469 3578 qui
1512 3468 1654 3554 lecerit
1694 3495 1792 3552 curn

439 3607 683 3690 humilitate
715 3618 757 3689 et
784 3608 1007 3710 modestia,
1040 3636 1141 3690 cum·
1162 3609 1369 3692 instantia
1392 3621 1440 3718 et
1472 3598 1791 3717 tranquillitate,

439 3747 532 3829 sine
564 3745 816 3856 paenitentia
851 3774 951 3856 quae
986 3774 1061 3857 per
1085 3748 1228 3829 Deum
1264 3747 1377 3832 datae
1408 3760 1510 3829 sunt
1547 3746 1730 3828 iusticias
1754 3757 1795 3830 et

482 3997 507 4054 3.
526 3979 597 4036 Post
613 3977 806 4036 “aduersum
831 3996 886 4036 uos
901 3979 924 4050 '’,
946 3980 1094 4038 nonnulla
1145 3979 1195 4039 bat
1209 3982 1438 4052 τῆςδικαιοσύνης.

440 4057 646 4136 praetermissa
658 4069 727 4118 sunt
737 4077 815 4134 quae
827 4057 856 4117 in
870 4061 920 4120 Gr.
933 4059 1093 4120 habentur:
1190 4081 1233 4136 ¹9·
1251 4062 1333 4118 Dens
1344 4055 1386 4138 et]
1404 4063 1421 4091 “
1436 4059 1506 4119 vivit
1521 4062 1536 4090 '³
1551 4071 1689 4138 repetunt
1704 4062 1793 4121 codd.

441 4143 516 4212 ἡνίκα
526 4144 556 4198 ἂν
564 4137 676 4216 ἔρχηται
686 4143 745 4212 ὑμῖν
758 4141 875 4216 ὄλεθρος.
1146 4143 1248 4203 Const.
1266 4152 1295 4200 et
1311 4143 1382 4217 Syr,
1399 4159 1460 4199 non
1486 4141 1555 4202 item
1572 4155 1692 4200 sanctus
1716 4141 1793 4202 Basi-

486 4241 530 4280 11.
546 4215 773 4299 saturabantur]
790 4221 897 4280 Codex
921 4219 1094 4280 Alexandri·
1147 4223 1201 4282 lius
1218 4225 1355 4299 Magnus,
1372 4241 1459 4297 aquo
1470 4223 1617 4299 haecipsa
1632 4222 1796 4284 Clementis

443 4321 498 4361 nus
510 4301 610 4361 deficit
627 4319 721 4376 usque
736 4303 774 4359 ad
789 4303 802 4375 ἓ
817 4304 856 4372 64
871 4301 998 4360 initium.
1146 4305 1235 4363 verba
1250 4304 1416 4374 laudantur,
1435 4305 1482 4364 De
1497 4303 1571 4380 Spir.
1588 4306 1687 4364 Sanct.
1705 4325 1730 4366 c.
1749 4325 1794 4381 29,
1860 4365 1863 4374 Δ

487 4403 531 4459 13.
547 4379 704 4460 habitauit]
720 4380 750 4440 in
764 4385 781 4413 “
796 4381 939 4443 habitabit
950 4385 966 4411 '’
980 4381 1092 4459 abipso
1144 4405 1190 4462 ap.
1209 4384 1312 4462 Migne
1327 4386 1359 4443 P.
1373 4386 1422 4444 Gr.
1442 4405 1488 4460 32,
1508 4407 1573 4446 201.

444 4464 588 4540 scriptore
604 4476 752 4523 mutatum
768 4475 821 4522 est.
886 4525 887 4529 ,
1187 4487 1232 4525 21.
1245 4485 1307 4524 curn
1319 4465 1674 4549 barrrilctatcetmodcstia]
1692 4469 1795 4528 Unum

490 4549 533 4604 18.
563 4541 706 4623 sanctam]
734 4545 779 4604 Ita
801 4546 875 4622 Syr.;
897 4547 1000 4607 Const.
1025 4566 1093 4606 vero
1144 4547 1175 4607 in
1191 4551 1241 4608 Gr.
1258 4547 1435 4606 vocabulum
1449 4569 1455 4606 :
1470 4550 1495 4606 ἐν
1507 4552 1740 4626 ταπεινοφροσύνῃ.

445 4627 694 4686 “sanctissimum
703 4628 726 4684 '’.
1188 4649 1233 4704 23.
1270 4631 1331 4687 sinc
1358 4625 1544 4708 penitentia]
1584 4628 1710 4706 scripsi;
1746 4630 1795 4690 Gr.

485 4705 615 4787 iusticia]
627 4709 731 4769 Codex
743 4707 972 4784 Constantinop
990 4719 1019 4770 et
1031 4711 1092 4786 Syr.
1146 4712 1369 4786 ἀμεταμελήτως;
1386 4709 1482 4769 codex
1505 4709 1598 4770 “sine
1614 4709 1761 4786 pacientia
1773 4713 1795 4769 ''.

444 4799 492 4860 τῆς
502 4791 703 4866 μεγαλωσύνης
727 4787 877 4864 interpres,
894 4799 994 4850 noster
1019 4793 1095 4866 lege·
1186 4798 1214 4850 et
1221 4787 1366 4869 precepta]
1382 4809 1440 4848 om.
1458 4791 1518 4867 Syr.
