4146 5578
631 414 1020 536 ORTHOGRAPlllCA,
1045 462 1202 523 LEXICA
1225 463 1279 521 ET
1301 461 1604 523 GRAMMATICA.
1738 467 1793 551 73

439 661 657 744 pusillanimis
676 676 691 741 5
698 675 725 741 5,
746 678 791 723 11.

437 747 518 836 παρά
533 757 684 834 42422224
706 748 818 810 dativo
846 767 1091 828 nonnumquam

481 835 633 900 redditur
661 834 898 917 praepositione
936 833 978 896 ab
1020 854 1091 896 enm

481 923 624 988 ablativo
644 935 855 1002 1,11n;15,
875 938 914 986 10
930 942 961 984 n.

438 1011 592 1102 παροικεῖν
607 1033 647 1056 =
662 1010 844 1074 consistere
864 1026 889 1086 1,
904 1028 935 1087 4.
1006 1018 1008 1022 ’
1050 1044 1052 1049 ·

438 1099 607 1192 reprobato<
623 1126 662 1145 =
677 1101 852 1165 aeternalis
872 1113 920 1179 59,
935 1099 964 1163 6.

437 1189 588 1285 πρεσβύτε
609 1216 636 1255 oi
666 1192 714 1256 od
733 1200 918 1274 provectam
956 1199 1091 1253 aetatem

439 1217 671 1348 indicnnalim:
691 1301 750 1364 3,1
772 1305 800 1348 n.

440 1548 580 1630 qualiter
611 1569 649 1589 =
679 1557 740 1610 ut:
756 1546 1020 1610 obsecrationem
1046 1544 1091 1608 s-

481 1635 615 1712 cientes,
631 1633 774 1718 qualiter
857 1632 1025 1696 custodiat
1044 1647 1093 1714 54,

437 1829 538 1891 quam
577 1808 754 1874 coniunctio
795 1817 869 1871 ante
901 1808 1093 1888 comparati-

441 1924 445 1932 ·
481 1918 582 1961 vum:
600 1907 635 1961 ut
659 1916 760 1980 quam
777 1895 914 1958 celerius
941 1893 1093 1960 habeatis

482 2005 598 2066 pacem
619 1999 666 2066 59,
684 2002 712 2048 2.

525 2072 646 2135 omissa
665 2082 739 2154 post
765 2070 892 2152 magis:
921 2070 1093 2152 magisque

484 2160 534 2220 sui
562 2161 730 2241 querelam
763 2159 918 2222 adferunt
950 2158 1093 2220 traditae

484 2246 580 2308 nobis
654 2247 851 2310 concordiae
866 2247 918 2324 48,
936 2262 962 2308 2.

441 2333 498 2414 qui
507 2343 570 2414 pro
586 2335 659 2416 quis
675 2357 681 2392 τ
697 2336 748 2412 46,
767 2347 793 2413 5.
814 2350 861 2411 19.

441 2419 498 2502 qui
515 2421 602 2484 sita?
620 2438 670 2497 21,
688 2435 713 2501 5.

441 2509 518 2590 quia
532 2508 687 2572 coiunctio
696 2519 758 2590 pro
773 2509 829 2591 qui
845 2532 851 2571 :
872 2508 955 2591 'quia
981 2507 1094 2571 omnia

485 2596 645 2678 prospicit
664 2609 712 2676 59,
730 2613 757 2675 3.
803 2631 805 2638 =

528 2684 606 2762 quia
620 2704 693 2746 cum
719 2682 897 2746 indicativo
917 2693 981 2763 pro
1003 2701 1093 2744 accu-

483 2769 589 2832 sativo
603 2791 675 2833 cum
688 2770 854 2855 infinitivo
862 2779 938 2852 post
949 2768 1049 2833 'verba
1062 2791 1073 2832 :

528 2857 721 2940 intellegere
740 2873 766 2938 5,
793 2873 828 2938 17
845 2880 852 2936 ;
870 2873 920 2936 27,
936 2875 963 2936 9.

529 2945 737 3007 considerare
758 2948 787 3022 8,
808 2949 835 3008 8.

529 3031 641 3112 palam
658 3031 764 3094 facere
785 3049 832 3107 11,
853 3049 910 3109 143
939 3048 985 3107 12,
1003 3049 1051 3094 20.

530 3118 648 3180 rescire
669 3136 715 3194 12,
732 3135 759 3182 2.

530 3205 642 3268 uidere
663 3223 710 3284 13.
727 3221 744 3266 2
759 3227 767 3283 ;
781 3219 830 3284 25.
845 3223 875 3284 33
893 3222 986 3286 32‚3;
1001 3222 1054 3284 42.
1067 3221 1097 3284 7·

529 3292 612 3355 scire
633 3308 679 3368 12,
700 3310 735 3354 12
754 3315 761 3370 ;
781 3309 829 3369 22,
846 3295 906 3370 16;
926 3307 975 3372 59,
992 3311 1016 3356 1.

530 3380 724 3460 promittere
743 3397 792 3460 30,
813 3393 858 3460 15.

531 3485 733 3547 cognoscere
748 3485 801 3546 42,
822 3485 867 3532 12.

532 3553 684 3635 ignorare
699 3573 750 3634 43,
767 3572 796 3636 7.

531 3640 682 3704 obliuisci
698 3659 751 3722 43,
768 3660 817 3705 22.

444 3728 613 3807 quietum:
629 3730 778 3808 quietum
795 3730 1020 3795 liabundantis
1038 3730 1099 3794 ira·

489 3817 654 3878 ternitatis
671 3833 723 3894 44,
745 3820 790 3880 16.

445 3902 749 3984 quinquagenarius
766 3903 819 3984 (=
831 3904 860 3966 is
871 3905 930 3986 qni
938 3905 1097 3986 qninqua-

484 3989 583 4070 ginta
592 3998 723 4069 praeest
738 3991 913 4073 militibus)
925 4015 932 4054 :
946 4012 1005 4054 nec
1022 4011 1097 4053 cen·

489 4077 637 4140 turiones
654 4098 713 4139 nec
724 4079 1000 4161 quinquagenarii
1018 4080 1096 4157 36,1.

445 4166 534 4246 quod
551 4162 730 4228 coniunctio
749 4187 821 4228 curu
849 4165 1026 4228 indicativo
1035 4176 1098 4247 pro

489 4252 671 4314 accusativo
696 4273 769 4316 cuin
796 4252 961 4334 iminitioo
974 4275 985 4314 :
1002 4252 1097 4314 intel-

491 4344 639 4420 legamus
671 4342 760 4422 quod
789 4342 860 4403 sine
887 4341 934 4403 ira
965 4349 1015 4403 est
1047 4357 1098 4416 2ο,

496 4444 533 4505 14
548 4448 556 4505 ;
587 4427 692 4490 sciant
716 4431 805 4510 quod
900 4447 935 4490 se
966 4427 1099 4490 tradent

493 4528 542 4592 54.
560 4529 586 4593 5·

445 4603 605 4685 quoniam
621 4600 799 4664 coniunctio
813 4624 885 4666 cuin
899 4601 1100 4684 indicatpost

490 4688 585 4751 verba
598 4713 608 4752 :
625 4709 824 4770 cognoscere
851 4703 898 4768 52,
917 4708 942 4769 3.
959 4703 973 4769 5
993 4712 999 4766 ;
1016 4691 1098 4752 scire

493 4791 541 4856 55,
562 4794 607 4838 11.

500 4913 611 4954 Anecdota
621 4913 777 4953 Maredsolaua.
788 4935 813 4942 -
822 4913 847 4951 Τ.
860 4913 891 4953 ll.

1143 660 1394 810 rprodelllcimus
1410 745 1463 828 (=
1477 745 1658 829 dejicimus)
1674 764 1725 827 47,
1746 749 1791 811 16.

1230 834 1380 915 reponite
1396 834 1450 916 (=
1463 834 1622 915 deponite)
1640 848 1689 914 52,
1710 850 1756 914 15.

1093 957 1096 962 ι
1143 922 1287 1004 recipere
1303 921 1428 986 :zelum
1442 922 1592 1004 iniquum
1606 930 1639 984 et
1653 923 1793 1004 impium

1186 1019 1355 1090 receptum
1375 1023 1401 1090 5,
1417 1029 1460 1090 4;
1487 1009 1667 1072 nefandum
1685 1009 1793 1072 zelum

1186 1110 1219 1164 et
1247 1099 1396 1183 iniquum
1425 1110 1619 1182 receperunt
1650 1119 1703 1180 42,
1734 1103 1794 1178 16;

1185 1193 1321 1274 recipite
1337 1193 1512 1274 epistolam
1531 1192 1686 1256 b.a.Pauli
1699 1211 1752 1271 44,
1765 1209 1794 1270 9.

1144 1285 1350 1365 regeneratio
1370 1301 1416 1362 10,
1432 1303 1460 1364 9.

1143 1370 1334 1454 religiosus:
1373 1371 1590 1453 municipium
1622 1369 1792 1453 religioso·

1188 1479 1260 1560 “lm
1276 1473 1328 1539 47.
1343 1477 1373 1539 4·
1524 1545 1529 1558 ,
1681 1546 1688 1559 .
1723 1546 1729 1559 ⁸

1144 1555 1311 1609 remittere
1336 1567 1408 1610 curn
1418 1555 1567 1629 gertetevo
1580 1569 1592 1609 .·
1608 1554 1746 1609 remittit
1763 1567 1791 1610 a.

1187 1633 1444 1698 inhabitantium
1472 1633 1591 1697 domos
1619 1631 1724 1696 luteas
1743 1648 1792 1712 37,

1192 1722 1237 1784 18.

1144 1809 1294 1872 resistere
1303 1818 1415 1872 contra
1426 1808 1568 1891 aliquem
1582 1831 1593 1871 .·
1607 1808 1797 1871 restiterunt

1187 1905 1302 1959 contra
1320 1897 1480 1960 famulum
1500 1897 1563 1960 Dei
1579 1898 1631 1975 48,
1650 1909 1675 1975 5.

1145 1984 1326 2065 respicere:
1352 1985 1501 2066 respexit
1526 1984 1619 2046 Deus
1647 1984 1688 2046 ad
1706 1982 1795 2046 Abel

1188 2081 1220 2134 et
1248 2072 1280 2133 in
1309 2091 1446 2134 munera
1471 2072 1540 2134 eius
1559 2084 1585 2151 5,
1602 2089 1644 2150 9;
1669 2070 1795 2151 respice

1189 2157 1331 2221 incaelo
1352 2177 1399 2235 11,
1418 2172 1444 2238 5.

1145 2245 1299 2308 resticula
1320 2263 1366 2323 12,
1383 2264 1432 2310 20.

1145 2353 1225 2414 rogo
1240 2353 1312 2396 etim
1334 2344 1456 2415 propos.
1473 2331 1591 2415 infinit.
1607 2356 1613 2395 ε
1630 2352 1665 2394 se
1683 2331 1790 2413 ipsum

1189 2420 1290 2483 deleri
1308 2431 1403 2502 rogat
1418 2438 1470 2501 49,
1490 2436 1537 2500 17.

1146 2694 1232 2765 spro
1260 2704 1302 2747 ii:
1334 2685 1452 2747 incessi
1483 2694 1560 2747 sunt
1591 2682 1644 2764 (=
1675 2682 1798 2746 itzcertsi

1190 2771 1326 2854 sunt)2,
1347 2789 1371 2835 1.

1227 2864 1536 2939 pror:52,17?n.
1830 2920 1832 2926 ,

1147 2946 1373 3009 sacerdotale:
1401 2949 1472 3010 zelo
1500 2946 1657 3010 incidenti
1685 2947 1727 3008 de
1750 2967 1798 3008 sa·

1192 3034 1351 3096 cerdotali
1368 3051 1420 3112 40,
1442 3051 1487 3112 14.

1148 3121 1315 3184 saeculum
1337 3144 1343 3183 :
1364 3121 1537 3184 ueniamus
1555 3121 1595 3182 ad
1614 3119 1726 3182 omnia
1749 3140 1799 3182 se·

1192 3208 1275 3284 cula,
1286 3219 1318 3270 et
1334 3209 1580 3271 consideremus
1597 3209 1675 3289 quia
1692 3208 1723 3269 in
1750 3227 1799 3268 se·

1193 3296 1266 3358 cula
1277 3295 1795 3378 poenitenciaededitlocum8,8.

1150 3383 1278 3446 saluare
1301 3396 1349 3464 54,
1364 3400 1401 3462 19
1416 3391 1470 3446 etc.

1150 3469 1297 3533 saluatur
1315 3485 1363 3550 55,
1382 3487 1398 3548 3
1415 3479 1467 3533 ete.

1129 3598 1130 3602 =
1150 3557 1356 3621 sanctificare
1371 3575 1423 3637 43,
1440 3574 1474 3637 13
1490 3579 1497 3635 ;
1513 3570 1561 3636 55,
1576 3559 1661 3620 tietc.

1151 3645 1376 3708 scandalizare
1391 3663 1442 3724 44,
1461 3662 1486 3724 3.

1151 3733 1291 3796 scissura
1311 3734 1441 3796 :omnis
1459 3733 1598 3794 scissura
1614 3747 1647 3793 et
1664 3741 1801 3793 conteri-

1195 3821 1242 3883 tio
1258 3838 1316 3901 4,3
1335 3821 1513 3894 ;scissurae
1530 3829 1562 3881 et
1576 3818 1737 3900 proelium
1749 3827 1800 3880 est
1877 3839 1887 3850 ·

1195 3908 1227 3968 iri
1246 3909 1340 3970 uobis
1356 3924 1408 3986 43,
1433 3923 1468 3986 17
1490 3931 1496 3986 ;
1522 3906 1662 3968 scissura
1690 3916 1799 3968 uestra

1196 3996 1317 4056 multos
1330 3995 1486 4075 peruertit
1502 4012 1554 4072 44,
1569 3995 1591 4054 6
1605 4003 1656 4055 etc.

1151 4100 1262 4142 scema
1285 4093 1348 4162 pro
1378 4101 1550 4144 scamma:
1582 4083 1614 4142 in
1636 4080 1754 4142 eodem
1774 4101 1799 4142 e.

1195 4177 1340 4231 scemate
1356 4188 1471 4231 sumus
1489 4171 1516 4242 8,
1532 4185 1556 4230 1.

1151 4254 1311 4336 sculptilis
1328 4280 1333 4318 :
1361 4255 1572 4335 feceruntque
1588 4255 1649 4316 sibi
1666 4254 1801 4335 sculpti-

1196 4342 1260 4404 lem
1276 4360 1327 4421 49.
1340 4357 1368 4421 7·

1152 4430 1333 4492 secundum
1354 4430 1558 4492 :secundum
1577 4429 1799 4510 municipia...

1195 4517 1404 4596 predicantes
1420 4535 1472 4596 40,
1490 4535 1513 4579 1.

1151 4624 1245 4666 secus
1263 4625 1380 4667 :secus
1402 4604 1609 4669 uoluntatem
1628 4604 1692 4666 Dei
1710 4617 1753 4679 21,
1775 4619 1803 4683 7.

1151 4693 1207 4752 sed
1218 4703 1280 4772 pro
1292 4703 1324 4754 et
1333 4701 1405 4773 post
1412 4691 1634 4754 consonantem
1646 4713 1660 4752 s
1676 4706 1727 4770 45,
1741 4708 1759 4752 2
1774 4711 1803 4756 ll.

1150 4779 1270 4842 seditio
1285 4798 1337 4858 49,
1351 4797 1407 4858 20;
1422 4789 1532 4842 contra
1544 4779 1669 4842 sedicio
1687 4793 1737 4857 50,
1757 4795 1806 4841 11.
