4146 5578
454 463 573 548 xxxm]
882 467 1038 528 VERSIO
1059 467 1381 544 ANTIQVISSIMA.
1760 479 1807 558 31

455 713 529 797 per
551 700 743 770 nostram
766 687 1024 800 sapientiam
1039 687 1106 769 uel
1125 687 1398 797 prudentiam
1420 700 1495 772 aut
1518 688 1721 798 pietatem
1739 703 1813 772 aut

455 853 632 936 operum
655 855 754 938 quae
775 826 1149 910 dinumerauimus
1186 827 1229 908 in
1263 826 1533 908 sanctitatem
1560 827 1713 929 cordis,
1738 827 1813 911 sed

456 976 629 1074 propter
650 965 791 1068 fidem,
816 994 1041 1078 perquam
1064 981 1216 1048 omnes
1237 966 1311 1076 qui
1334 995 1360 1049 a
1381 964 1525 1048 seculo
1548 977 1651 1048 sunt
1672 967 1813 1049 omni-

456 1112 609 1210 potens
634 1103 755 1186 Deus
791 1103 1058 1186 iustificauit:
1106 1101 1111 1215 l
1154 1105 1223 1188 lol.
1254 1130 1323 1186 111
1371 1101 1376 1214 l
1421 1105 1488 1186 cui
1512 1105 1568 1186 sit
1601 1105 1738 1188 honor
1773 1118 1815 1188 et

424 1281 436 1332 ς
456 1239 594 1350 gloria
616 1241 660 1323 in
683 1243 827 1325 secula
848 1242 1103 1326 seculorum.
1128 1245 1283 1326 Amen.
1716 1245 1720 1250 “

516 1379 741 1464 ΧΧΧΙΙΙ.
768 1381 885 1489 Quid
907 1409 1010 1492 ergo
1032 1381 1238 1481 dicemus,
1277 1381 1451 1464 fratres?
1482 1381 1764 1464 Cessabimus
1786 1412 1811 1465 a

458 1515 572 1601 bono
608 1519 731 1619 facto
769 1533 810 1603 et
851 1519 1201 1630 derelinquemus
1238 1519 1481 1602 caritatem?
1525 1519 1812 1630 Nequaquam

458 1657 678 1764 permittat
717 1637 935 1741 Dominus
975 1659 1018 1740 in
1054 1657 1179 1742 nobis
1213 1657 1294 1740 hoc
1325 1657 1428 1756 fieri,
1458 1657 1532 1738 sed
1559 1658 1814 1740 festinemus

381 1897 385 1906 ⁶
458 1821 556 1877 cum
574 1795 782 1880 instantia
794 1809 835 1879 et
850 1797 1280 1880 sollicitudineomne
1295 1778 1406 1905 opus
1423 1794 1586 1877 bonum
1604 1795 1812 1905 perficere.

412 1974 441 2009 ιο
463 1933 691 2042 lpseenim
713 1935 973 2018 constitutor
993 1947 1033 2018 et
1059 1935 1278 2019 Dominus
1308 1933 1505 2016 omnium
1538 1934 1581 2016 in
1612 1935 1841 2045 operibus.

459 2073 552 2154 suis
574 2071 753 2156 laetatur.
783 2073 1014 2186 Magnifice
1035 2074 1151 2156 enim
1175 2072 1325 2154 uirtuti
1349 2099 1440 2154 suae
1461 2071 1589 2154 caelos
1613 2073 1813 2174 instituit,

459 2223 501 2296 et
531 2212 955 2324 incomprehensibili
978 2211 1207 2322 prudentia
1228 2239 1308 2293 sna
1327 2209 1557 2292 adornauit
1579 2211 1686 2293 illos.
1712 2211 1816 2294 Ter-

461 2382 552 2438 ram
587 2381 761 2464 quoque
798 2351 1013 2460 separauit
1043 2351 1418 2453 acircumtinente
1455 2351 1573 2432 illam
1610 2379 1733 2461 aqua,
1773 2363 1815 2434 et

460 2492 681 2576 stabiliuit'
703 2518 833 2600 supra
863 2489 1249 2601 diligentissimum
1272 2489 1338 2572 sui
1361 2489 1529 2571 consilii
1562 2489 1817 2572 fundamen-

404 2665 441 2732 ¹1⁵
461 2645 566 2738 tuni.
590 2629 812 2712 Animalia
829 2655 943 2730 uem,
967 2655 1065 2737 quae
1082 2628 1125 2710 in
1143 2655 1192 2710 ea
1204 2640 1405 2729 crescent,
1431 2656 1509 2710 sua
1530 2627 1817 2737 dispositione

462 2769 589 2852 iussit
620 2795 723 2850 esse.
762 2768 883 2850 Mare
904 2779 945 2849 et
966 2793 1064 2875 quae
1086 2767 1130 2847 in
1153 2765 1227 2850 illo
1249 2766 1454 2849 animalia
1485 2793 1731 2876 praeparans
1754 2766 1818 2847 in-

460 2909 589 2991 clusit
611 2933 691 2988 sua
711 2906 882 2989 uirtute.
910 2906 1051 3014 Super
1072 2905 1219 2988 omnia
1240 2905 1529 2988 fortissimum
1550 2917 1591 2986 et
1613 2904 1818 2987 omnibus

463 3046 604 3130 maius
626 3045 847 3127 hominem
870 3044 1031 3126 sanctis
1052 3055 1094 3126 et
1108 3043 1227 3153 puris
1245 3044 1447 3126 manibus
1470 3043 1704 3153 plasmauit
1727 3070 1818 3126 suae

463 3185 668 3296 imaginis
690 3184 887 3294 effigiem.
914 3183 987 3266 Sic
1008 3183 1124 3264 enim
1142 3181 1252 3263 dixit
1275 3183 1407 3264 Deus:
1427 3183 1667 3264 Facc'acaas
1682 3180 1818 3262 laetat-

412 3358 444 3396 20
462 3349 558 3405 acccc
579 3321 643 3404 aa'
657 3320 892 3430 imaginem
923 3325 966 3402 et
999 3319 1334 3404 sc'cac'lc'taa'c‘acca
1367 3307 1574 3404 nostram.
1614 3321 1679 3402 Et
1700 3319 1818 3428 fecc't

507 3643 530 3680 1.
547 3629 602 3680 aut
613 3616 742 3700 operam]
769 3648 794 3668 =
816 3637 915 3695 opera.
929 3619 979 3678 Gr.
994 3609 1115 3687 ἣὲργων·
1167 3618 1319 3696 sequentis
1335 3617 1459 3678 mutavit
1475 3617 1504 3676 in
1521 3620 1540 3692 i,
1556 3637 1591 3678 ac
1607 3620 1730 3678 demum
1754 3617 1817 3678 ulti·

463 3706 509 3766 Cf.
527 3703 600 3762 infra
615 3705 675 3776 §41
691 3705 775 3776 “pro
795 3701 936 3776 pontifice
959 3711 987 3760 et
1000 3696 1117 3755 illorum
1168 3720 1246 3760 nram
1264 3701 1392 3760 litteram
1406 3699 1503 3760 erasit.

463 3806 504 3864 pr.
518 3783 720 3844 ministrorum
733 3785 756 3842 ''.
1212 3799 1254 3858 15.
1271 3803 1333 3858 pace
1352 3783 1384 3840 ia
1406 3801 1439 3840 ca
1462 3779 1592 3862 crescent]
1621 3786 1787 3841 “crescent
1804 3782 1818 3809 ''

506 3889 530 3926 2.
543 3861 807 3944 dc’ccumcrauicaas]
819 3864 1049 3937 κατελογισάμεθα
1063 3879 1116 3935 pro
1168 3883 1221 3940 pro
1248 3868 1413 3923 “crescunt
1430 3865 1445 3892 ”
1469 3862 1611 3940 scripturn
1639 3883 1703 3922 esse
1731 3861 1819 3922 facile

463 3950 712 4024 aarctpsuotpata‘t
1167 3945 1307 4004 conicias.
1326 3947 1435 4022 Neque
1450 3964 1520 4004 vero
1546 3945 1586 4003 ita
1601 3944 1735 4006 redditur
1759 3963 1819 4003 ver·

503 4029 683 4088 sanctitatem
709 4047 736 4084 ac
752 4025 950 4104 parasiticum.
1027 4044 1036 4062 ¹
1168 4027 1238 4085 bum
1254 4046 1392 4103 graecum
1404 4035 1550 4102 φοιτῶνταε
1561 4031 1683 4086 tortasse
1694 4034 1816 4102 φυτῶντα

506 4132 532 4184 4.
549 4112 642 4170 aanor
654 4118 681 4168 ct
708 4127 767 4168 orn.
781 4110 831 4168 Gr.
1167 4120 1217 4166 aut
1233 4108 1305 4184 quid
1321 4107 1417 4166 simile
1432 4109 1548 4184 legebat
1564 4108 1715 4184 interpres.

507 4196 532 4252 6.
563 4192 684 4251 dicemus
726 4191 881 4250 Consonat
909 4190 976 4247 cod.
1012 4189 1116 4248 Const.
1211 4193 1254 4248 16.
1263 4186 1450 4268 preparans]
1467 4189 1716 4249 iuxtalectionem
1728 4189 1817 4248 codd.

467 4277 597 4350 ἐροῦμεν;
625 4270 730 4346 reliqui
747 4290 815 4330 vero
838 4273 1001 4340 ποιήσωμεν.
1168 4272 1270 4332 Const.
1289 4287 1318 4330 et
1337 4272 1396 4346 Syr.
1411 4274 1608 4346 προετοιμάσας
1622 4293 1630 4345 3
1645 4274 1728 4330 Alex.
1751 4288 1820 4330 vero
1889 4315 1893 4323 .

512 4377 554 4414 11.
574 4355 729 4428 Magnifice
741 4373 762 4410 c.
783 4353 893 4412 rct'rtrcti
904 4348 973 4431 succ]
992 4349 1116 4410 Dativus
1167 4358 1432 4428 προδημιουργήσας.

467 4441 651 4500 Graecorum
675 4454 727 4510 pro
750 4433 887 4494 ablativo.
916 4436 1006 4510 Lege:
1023 4435 1116 4490 “Ma-
1212 4451 1255 4508 17.
1295 4436 1426 4492 attentans
1478 4431 1584 4514 maius]
1633 4437 1684 4495 Gr.
1738 4432 1822 4492 addit

466 4519 575 4597 gnifica
591 4537 616 4576 e.
634 4516 740 4574 virtute
755 4534 808 4574 sua
823 4517 845 4573 '’.
896 4529 899 4534 ’
1169 4518 1186 4545 “
1198 4518 1364 4574 secundum
1381 4515 1567 4576 intellectum
1581 4519 1603 4588 ”‚
1625 4517 1709 4592 quod
1734 4517 1820 4574 Ioan-

512 4621 555 4676 13·
566 4593 789 4676 cc'rcumtt'ncntc]
802 4597 870 4656 Erat
882 4596 1008 4674 prius,ni
1019 4597 1111 4666 fallor,
1156 4615 1220 4676 ‘nes
1246 4600 1451 4656 Damascenus
1477 4597 1585 4672 pariter
1614 4597 1733 4656 omittit.
1773 4597 1818 4658 Cf.

467 4685 486 4716 ‘¹
500 4683 580 4741 circu
596 4689 748 4740 tenentem
759 4679 781 4737 '’.
799 4676 948 4737 Posterior
965 4697 1070 4736 manus
1085 4697 1112 4734 m
1166 4678 1319 4754 Lightsoot
1350 4680 1392 4750 ΙΙ,
1412 4699 1476 4736 102.

468 4775 534 4842 post
550 4783 569 4821 u
583 4759 709 4831 addidit,
725 4769 788 4817 tum
815 4759 941 4820 litteram
956 4778 970 4816 c
985 4758 1114 4835 syllabae
1211 4780 1244 4836 19
1272 4762 1321 4821 Gr.
1340 4765 1356 4791 “
1373 4759 1444 4820 dicit
1460 4753 1483 4818 ’ἶ
1501 4793 1540 4802 -
1554 4763 1630 4821 Gen.
1666 4781 1690 4834 1,
1714 4761 1817 4834 26-27.
