4146 5578
460 489 550 572 xxrv]
891 494 1046 554 VERSIO
1068 495 1386 570 ANTIQVISSIMA.
1765 501 1816 585 25

460 715 709 820 corrzporoie
763 739 838 794 uos
886 713 1014 822 ligno,
1037 717 1197 798 sorotte
1240 716 1433 798 oo'ooom:
1457 716 1659 825 ,orimum
1695 718 1817 826 folio
1892 787 1897 805 ‚

461 848 615 950 mittit,
634 849 884 958 doiodeflos
899 851 1109 954 noscitur,
1126 854 1352 961 doiodofii
1372 881 1462 934 otoo
1484 854 1637 936 acerbo
1667 854 1819 936 deindo

462 991 640 1069 inodora
651 992 804 1095 ,orosio
823 993 897 1071 osi.
925 989 1086 1072 Uidete
1106 991 1209 1100 quia
1231 1002 1422 1100 tempore
1446 990 1566 1072 breui
1588 991 1640 1073 ad
1678 1005 1817 1073 matu-

461 1126 631 1208 ritatem
653 1126 828 1210 deuenit
862 1128 1026 1211 fructus
1048 1130 1166 1240 ligni.
1196 1129 1365 1210 Reuera
1395 1129 1480 1210 cito
1520 1128 1637 1210 enim
1658 1128 1750 1227 erit,
1777 1144 1818 1211 et

428 1260 608 1345 §subito
638 1265 1013 1347 consummabitur
1048 1267 1253 1350 uoluntas
1293 1265 1387 1364 Dei,
1411 1266 1651 1346 affirmante
1687 1265 1819 1374 scrip-

462 1412 584 1484 tura:
610 1402 707 1484 Cilo
729 1403 850 1484 uenit
869 1408 912 1485 oi
931 1431 1014 1486 ooo
1036 1401 1247 1498 tardabit,
1271 1407 1315 1483 et
1334 1402 1475 1484 sordido
1501 1401 1646 1483 otooiet
1666 1401 1820 1484 Domi·

463 1564 546 1619 nus
567 1538 612 1620 io
633 1538 766 1621 odom
785 1566 924 1640 soom,
947 1544 992 1622 oi
1010 1546 1191 1622 sanctus
1211 1569 1336 1648 quom
1358 1567 1434 1623 uos
1453 1544 1703 1650 expectatis.

522 1675 692 1759 XXIV.
718 1677 1069 1779 Consideremus
1098 1678 1261 1776 fratres,
1286 1676 1506 1788 quomodo
1538 1677 1680 1787 palam
1722 1677 1821 1759 facit

466 1816 686 1898 Dominus
721 1829 762 1897 et
802 1817 992 1900 ostendit
1043 1818 1169 1900 nobis
1211 1817 1400 1899 suturam
1452 1817 1818 1915 resurrectionem,

313 2055 317 2064 Δ
417 1980 447 2015 10
464 1953 587 2036 cuius
624 1954 911 2064 inceptionem
953 1955 1052 2038 fecit
1102 1956 1344 2038 Dominum
1388 1953 1565 2036 ihesum
1609 1954 1818 2064 Xpistum

464 2087 602 2173 filium
645 2120 786 2191 suum,
826 2120 954 2203 quem
995 2122 1020 2175 a
1056 2094 1238 2176 mortuis
1275 2093 1514 2176 suscitauit.
1561 2092 1819 2194 Uideamus,

465 2226 628 2328 iratres,
647 2229 909 2312 cotidianam
933 2232 1240 2314 surrectionem
1262 2231 1346 2313 diei
1363 2244 1404 2313 et
1428 2230 1577 2314 noctis.
1602 2230 1703 2313 Nox
1724 2231 1839 2344 dor--

465 2366 588 2449 mitio
623 2379 699 2467 est,
738 2367 831 2450 dies
861 2371 1084 2470 surrectio;
1108 2370 1268 2454 dormit
1308 2399 1406 2470 nox,
1431 2370 1572 2481 surgit
1608 2369 1712 2452 dies.
1739 2370 1823 2452 Ui-

465 2504 645 2587 deamus
666 2518 708 2588 et
744 2507 947 2590 fructum:
972 2509 1201 2591 seminatio
1234 2508 1454 2620 quomodo
1488 2507 1559 2589 fit?
1590 2507 1711 2589 Exiit
1746 2506 1820 2616 qui

408 2669 446 2722 «ιε
466 2643 661 2742 seminat,
678 2656 719 2725 et
741 2645 852 2726 seuit
871 2645 914 2726 in
933 2657 1058 2728 terra:
1075 2647 1263 2756 primum
1282 2644 1526 2743 resoluitur,
1544 2642 1699 2726 deinde
1721 2656 1819 2751 post

465 2779 725 2863 solutionem
750 2781 953 2864 maiestas
973 2784 1054 2866 Dei
1078 2785 1363 2893 prouidentiae
1387 2811 1478 2866 suae
1496 2782 1678 2865 suscitat
1700 2781 1820 2880 illud,

464 2929 506 3000 et
527 2918 687 3019 crescit,
705 2930 746 3000 et
766 2918 928 3001 adferet
946 2919 1134 3004 fructum
1158 2922 1211 3005 de
1226 2950 1313 3005 uno
1333 2949 1471 3033 grano
1494 2921 1693 3003 multum.

508 3178 531 3216 1.
556 3156 688 3233 priorum
704 3156 783 3231 folia
809 3152 911 3235 mittit]
934 3157 983 3217 Gr.
1010 3160 1027 3190 ‘⁴
1042 3157 1119 3217 foliis
1211 3153 1397 3236 cotidianam]
1414 3158 1464 3217 Gr.
1488 3159 1598 3232 “quae
1623 3156 1656 3214 fit
1677 3175 1732 3214 suo
1754 3165 1825 3214 tem·
1921 3163 1923 3166 ’

464 3241 593 3300 nudatur
603 3239 618 3264 ’'
633 3243 806 3314 (φυλλοροεῑ),
833 3257 886 3314 pro
911 3257 972 3314 quo
996 3239 1119 3298 Latinus
1172 3260 1243 3317 pore
1258 3242 1284 3314 ”3
1299 3242 1359 3316 Syr.
1379 3243 1394 3270 ‘⁶
1411 3237 1534 3297 inomni
1549 3239 1684 3314 tempor'e
1699 3239 1722 3296 ''.

464 3321 607 3395 interpres
627 3321 750 3378 fortasse
773 3319 890 3397 legebat
906 3325 1051 3395 φυλλοφυεϊ
1068 3332 1119 3380 aut
1211 3322 1272 3380 diei
1288 3341 1323 3379 ac
1342 3317 1440 3399 noctis]
1456 3339 1514 3378 om.
1540 3320 1589 3379 Gr.
1614 3319 1667 3378 sed
1681 3317 1825 3377 continuo

464 3408 634 3479 φυλλοφορεῑ.
648 3403 728 3460 Tum
744 3401 818 3460 haec
834 3401 923 3462 verba
933 3400 1013 3461 idem
1032 3401 1117 3462 omit·
1171 3404 1244 3462 haec
1256 3402 1348 3476 addit,
1362 3420 1438 3478 quae
1454 3402 1483 3459 in
1504 3399 1610 3460 codice
1627 3411 1728 3459 nostro
1744 3419 1823 3476 prae·

463 3483 496 3542 tit
526 3502 603 3560 quae
632 3482 661 3542 iu
687 3485 738 3543 Gr.
768 3481 901 3558 proxime
936 3496 1113 3560 sequuntur:
1168 3483 1390 3546 termittuntur:
1418 3487 1434 3514 “
1467 3482 1539 3541 Dies
1563 3492 1592 3540 et
1615 3501 1673 3540 nox
1701 3501 1824 3540 resurre-

463 3569 481 3598 “
496 3576 600 3642 postea
615 3566 647 3624 fit
658 3584 788 3642 germen,
802 3564 913 3625 deinde
934 3563 1039 3625 solium
1051 3567 1074 3627 ’'.
1168 3567 1301 3627 ctionem
1316 3563 1403 3625 nobis
1418 3565 1582 3625 ostendunt
1597 3564 1621 3622 ''.

427 3683 431 3694 ι
504 3663 530 3723 5.
548 3643 621 3726 Dei]
635 3648 749 3706 Rursus
765 3655 833 3705 Θεοῦ
846 3666 900 3723 pro
915 3647 1006 3705 αὐτοῦ.
1129 3651 1136 3663 “
1210 3649 1282 3708 Nox
1303 3647 1438 3707 dormitio
1534 3645 1630 3721 surgit
1650 3641 1720 3724 dios]
1747 3645 1824 3704 Tau-

503 3731 529 3788 6.
547 3731 627 3788 uenit
653 3730 703 3789 Gr.
718 3727 846 3789 “veniet
861 3729 884 3787 '’.
1170 3729 1311 3806 tologiam
1334 3749 1398 3790 esse
1421 3727 1612 3786 manifestum
1637 3738 1689 3786 est.
1708 3729 1824 3786 Revera

506 3827 529 3885 7.
546 3812 632 3870 (edem
659 3813 754 3872 Manu
777 3808 940 3886 posteriore
966 3811 1019 3870 sed
1044 3810 1118 3870 anti·
1169 3811 1261 3872 inGr.
1287 3812 1379 3871 semel
1405 3809 1524 3887 legitur:
1547 3808 1669 3868 “cubat
1694 3827 1762 3882 nox,
1778 3827 1823 3868 ex-

462 3912 522 3969 qua
546 3912 609 3969 sup.
644 3893 693 3951 lin.
721 3910 875 3968 perperam
906 3890 1043 3951 additum
1074 3904 1117 3952 est
1168 3894 1260 3969 surgit
1288 3891 1352 3952 dies
1367 3894 1396 3965 ”3
1413 3904 1475 3950 tum
1496 3889 1578 3949 aliud
1593 3889 1721 3960 additur,
1739 3890 1822 3966 quod

464 3979 481 4007 “
496 3975 543 4034 vel
557 3993 570 4032 s
585 3976 609 4047 '',
625 3994 686 4051 quo
706 3973 920 4050 significaretur
934 3992 1023 4049 posse
1045 3994 1116 4050 quo·
1169 3973 1363 4050 praetermisit
1378 3973 1521 4049 interpres
1536 3993 1541 4030 :
1559 3974 1576 4002 “
1591 3970 1655 4031 dies
1670 3969 1740 4044 abit,
1765 3989 1823 4030 nox

463 4076 521 4133 que
534 4055 590 4131 legi
608 4059 625 4086 “
641 4057 743 4115 sedem
756 4057 779 4114 ”.
1169 4055 1337 4131 supervenit
1354 4057 1378 4115 ’'.

504 4140 530 4196 8.
547 4134 673 4217 fratres]
697 4140 746 4198 Gr.
776 4133 906 4196 “dilecti
919 4135 942 4209 '’,
969 4146 1001 4196 ut
1026 4155 1115 4214 supra
1213 4157 1256 4210 14.
1272 4133 1421 4216 quomodo]
1434 4137 1483 4196 Gr.
1497 4132 1613 4212 plenius
1626 4156 1631 4193 :
1642 4141 1701 4198 πῶς
1712 4136 1756 4190 καὶ
1767 4133 1824 4191 τίνα

464 4241 489 4297 p.
506 4239 552 4291 22,
569 4220 586 4277 l.
608 4240 650 4278 12.
1169 4219 1280 4293 τρόπον.

509 4301 736 4376 palomfacitet
758 4295 891 4378 ostendit]
915 4299 965 4358 Gr.
992 4302 1118 4359 “osten-
1214 4316 1256 4375 15.
1286 4299 1318 4358 in
1350 4295 1443 4378 terro]
1475 4298 1586 4356 Iterum
1617 4315 1676 4356 om.
1700 4296 1823 4370 scriptor

463 4383 506 4443 dit
519 4395 662 4458 perpetuo
685 4384 869 4451 ”totoveaoet.
889 4383 936 4437 An
959 4381 1033 4440 forte
1049 4380 1119 4457 legit
1172 4380 1437 4456 “unumquodque
1453 4377 1611 4450 seminum,
1636 4397 1714 4454 quae
1743 4378 1823 4436 nuda

463 4475 562 4524 noster
578 4470 734 4533 δηλωτικῶς
745 4476 796 4523 aut
808 4462 882 4539 quid
902 4461 1016 4520 simile?
1169 4472 1198 4522 et
1222 4460 1305 4521 arida
1330 4461 1503 4521 ceciderunt
1519 4459 1548 4517 in
1572 4471 1648 4519 terra
1662 4461 1686 4532 '',
1703 4469 1823 4535 propter

510 4567 551 4604 ιο.
579 4542 753 4625 Dominum]
769 4543 872 4621 scripsi
884 4565 892 4616 ς
902 4544 979 4604 Cod.
995 4547 1011 4573 “
1024 4543 1118 4604 domi·
1170 4542 1357 4603 iterationem
1373 4543 1529 4602 verborum
1547 4545 1564 4571 “
1580 4541 1610 4598 in
1626 4553 1702 4600 terra
1717 4543 1740 4599 ''.

464 4648 520 4687 uus
535 4629 559 4687 ''.
1215 4642 1259 4700 17.
1275 4621 1395 4704 afforet]
1409 4653 1434 4672 =
1448 4627 1464 4654 “
1480 4624 1575 4682 adfert
1588 4624 1610 4682 ''.
1628 4623 1716 4684 Coni.
1734 4641 1824 4696 supra

507 4729 551 4769 11.
558 4709 661 4785 filium
675 4704 773 4788 suum]
790 4726 847 4766 om.
867 4705 971 4781 reliqui
989 4726 1056 4765 mss.
1171 4727 1198 4784 p.
1218 4707 1297 4778 21,1.
1316 4726 1341 4782 3.

507 4787 683 4869 12.fratres]
699 4791 748 4850 Gr.
763 4793 780 4820 “
796 4787 897 4846 dilecti
913 4790 935 4846 ’'.

517 4921 628 4963 memora
639 4921 732 4961 Mareds.
744 4943 768 4949 -
778 4919 803 4959 T.
816 4919 847 4957 ll.
1740 4929 1750 4960 4
